2386 3930
12 145 28 830 f

114 276 118 282 ·
165 254 224 312 2‘22
520 249 557 315 T,
582 247 725 310 LIVII

165 419 272 466 testate
298 406 411 466 dicendi
436 404 523 476 facta,
550 415 569 443 “
590 405 775 480 Consulem,”
798 403 900 482 inquit,
928 413 948 443 ‘⁶
967 415 1018 474 te,
1032 405 1081 465 M.

167 495 185 524 “
205 484 356 554 Marcelle,
370 485 399 542 in
412 482 525 542 ltaliam
546 481 716 556 adissemus,
729 503 817 564 quum
836 482 959 561 primum
973 483 1012 546 de
1026 504 1080 544 no·
1180 479 1181 514 ³

167 573 185 604 “
205 563 259 630 bis,
279 563 332 622 etsi
354 581 412 619 nun
432 559 471 620 ini
492 582 571 632 uum,
592 575 672 623 certe
692 563 772 624 triete
795 561 1080 622 senatusconsultum

167 650 186 680 ‘⁶
206 641 312 699 factum
337 650 390 708 est,
404 639 457 698 nisi
472 582 537 699 lice
559 644 761 719 sperassemus,
776 641 805 700 in
825 640 1000 718 provinciam
1013 659 1080 710 nos,

167 729 184 756 “
204 731 295 776 morte
308 737 409 794 regum
423 720 580 790 turbatam,
594 719 630 778 ad
650 740 736 796 grave
759 719 870 782 bellun
883 718 1079 799 adversusssi·

166 807 183 848 *ε
205 795 284 854 culos
309 797 393 854 simul
414 795 585 876 Poenosque
605 797 688 866 mitti,
703 810 732 856 et
752 797 891 876 sanguine
903 807 1002 856 nomm
1016 797 1080 858 uui,-

165 878 187 912 “’
203 875 379 953 aeribusque
399 893 452 934 nos
474 877 586 935 senatui
606 877 802 935 satisfacturos
823 893 906 943 esse;
933 877 1007 937 sicut
1026 893 1079 954 pa·
1180 939 1181 958 ,

165 963 183 992 ‘⁴
204 964 280 1012 trum
306 955 454 1024 memorial,
468 954 516 1030 qni
538 954 613 1031 capti
634 967 652 1013 a
673 953 783 1031 Pyrrho
806 955 844 1014 ad
858 953 1033 1015 Heracleam
1047 968 1079 1012 e·
1102 979 1104 986 ¹

166 1041 185 1072 ‘⁶
205 1047 279 1102 rant,
303 1033 439 1090 adversus
459 1032 600 1110 Pyrrhum
627 1033 719 1109 ipsum
747 1043 910 1110 pugnantes
932 1031 1081 1092 satisfece-

165 1121 183 1152 “
204 1123 279 1170 runt.
321 1113 492 1187 Quanquam
504 1110 581 1188 quod
599 1111 638 1168 ob
660 1110 793 1170 meritum
812 1122 943 1171 nostrum
957 1125 1077 1170 succen-

165 1201 183 1232 “
204 1189 309 1258 scistis,
344 1191 444 1246 Patres
476 1187 640 1266 conmripti,
673 1189 764 1259 nobis,
791 1200 844 1246 aut
873 1187 1079 1248 succensetis?

165 1278 182 1309 “
206 1267 302 1324 Ambo
324 1264 393 1320 mihi
417 1267 549 1323 consules
573 1279 602 1324 et
629 1266 791 1326 universum
817 1279 951 1326 senatum
972 1267 1078 1328 lauteri

163 1354 181 1382 “
202 1341 307 1408 videor,
321 1359 409 1417 quum
433 1353 471 1410 te,
494 1341 539 1398 M.
552 1342 702 1410 Marcelle,
717 1341 831 1402 intueor
844 1355 860 1402 ε4
883 1361 969 1420 quem
993 1345 1017 1404 si
1040 1346 1079 1404 ad

162 1420 319 1496 “,Cannas
339 1419 488 1478 consulem
502 1419 712 1489 habuissemus,
725 1419 825 1477 melior
846 1430 876 1478 et
899 1421 1079 1496 reipublicae

164 1511 181 1540 “
201 1512 231 1558 ct
254 1513 352 1557 naara
371 1498 485 1570 fortuna
505 1513 590 1557 esset.
632 1499 709 1568 Sine,
722 1514 839 1576 quaeso,
851 1497 1016 1575 priusquam
1037 1499 1078 1560 de

164 1590 182 1618 ‘⁴
205 1577 370 1637 conditione
396 1589 494 1636 nostra
523 1597 635 1655 queror,
663 1596 779 1646 noxam,
806 1577 888 1654 cujus
920 1574 1077 1652 arguimur,

165 1669 183 1696 ‘⁶
204 1676 256 1716 nos
278 1675 409 1734 purgare.
451 1657 481 1722 si
504 1675 562 1714 noa
586 1656 672 1716 desim
693 1655 742 1723 ira,
758 1654 894 1724 ascleto,
908 1656 992 1788 §3¹¹⁸
1010 1654 1080 1736 lege

164 1747 183 1776 “
204 1735 357 1794 immobilis
376 1753 469 1790 rerum
484 1734 672 1790 humanarum
694 1731 763 1789 ordo
781 1732 893 1800 seritur,
978 1731 1077 1810 culpa,

164 1825 182 1854 “
204 1814 337 1889 periimus
351 1811 387 1867 ad
404 1811 528 1877 Cannas,
543 1813 624 1884 cujus
638 1808 755 1866 tandem
769 1827 804 1868 ea
818 1809 904 1886 culpa
922 1807 1002 1868 fuit?
1021 1812 1077 1868 mi·
1179 1871 1181 1880 ,

162 1902 179 1930 “
199 1892 291 1956 litum,
306 1906 343 1944 an
356 1887 584 1963 imperatorum?
605 1886 749 1964 Equidem
763 1886 844 1946 miles
858 1885 927 1946 uihss
948 1905 1078 1966 unquam

162 1979 180 2008 ‘⁴
200 1968 293 2026 dicam
308 1965 344 2023 de
366 1964 538 2040 imperatore
560 1984 634 2034 meo,
650 1964 696 2032 cni
717 1965 883 2043 pracsertim
902 1967 1008 2042 gratias
1021 1969 1077 2026 sci·

161 2057 180 2086 ‘⁶
199 2064 247 2102 am
270 2044 307 2101 ab
332 2055 434 2101 senatu
448 2056 538 2112 actas,
553 2045 630 2122 quod
651 2063 709 2102 non
726 2043 920 2122 desperaverit
939 2045 977 2104 de
990 2063 1075 2121 repu-

160 2135 178 2162 “
198 2119 296 2190 blica;
326 2120 373 2188 cni
396 2134 462 2199 post
484 2123 584 2200 fugam
605 2123 641 2182 ab
657 2122 765 2184 Cannis
787 2141 838 2200 per
861 2139 962 2182 omnes
984 2139 1078 2184 annos

160 2213 178 2242 “
200 2213 384 2278 prorogatum
417 2200 578 2276 imperium.
632 2201 752 2260 Ceteros
778 2201 847 2258 item
881 2217 919 2258 ex
950 2198 1079 2278 reliquiis

102 2315 104 2328 .
161 2293 179 2333 ,“
200 2279 290 2338 cladis
314 2281 384 2356 ejus,
406 2297 478 2355 quos
497 2275 628 2340 tribunos
651 2277 772 2336 militum
796 2275 960 2346 habuimus
982 2275 1076 2338 hono·

160 2372 178 2400 ‘⁶
199 2378 244 2418 res
268 2369 377 2444 peterew
387 2369 417 2414 et
438 2374 547 2432 gerere,
566 2368 597 2415 et
620 2354 779 2432 provincias
801 2353 949 2424 obtinere,
966 2355 1077 2416 audivi·

161 2451 179 2479 “
200 2457 273 2496 mus
321 2439 370 2494 An
394 2434 475 2494 vobis
499 2434 656 2512 vestrisque
681 2432 777 2492 liberis
804 2432 952 2510 ignoscitis
978 2433 1075 2505 facile,

161 2509 302 2576 “fPatres
325 2512 487 2591 conscripti,
502 2511 531 2570 in
554 2512 627 2571 haec
640 2510 706 2570 vilia
729 2510 825 2588 capita
839 2511 937 2572 saevi?
960 2522 989 2570 ct
1002 2513 1076 2572 con-

138 2597 178 2634 '“
200 2595 254 2658 suli
276 2592 504 2672 primoribusque
528 2591 590 2650 aliis
613 2590 735 2649 civitatis
761 2589 870 2667 fogere,
894 2607 981 2680 quum
1007 2608 1076 2668 spes

159 2683 177 2710 “
200 2673 256 2729 alia
277 2673 357 2730 nulla
381 2683 464 2740 esset,
480 2685 563 2750 turpe
585 2690 642 2730 nou
663 2668 727 2736 fuit,
741 2668 845 2728 milites
867 2679 965 2748 ntique
988 2671 1075 2728 mori·

159 2760 178 2788 “
198 2761 278 2806 turos
292 2751 322 2810 in
340 2751 431 2808 aciem
447 2748 584 2808 misistis?
626 2747 675 2808 Ad
692 2745 797 2806 Alliam
810 2765 901 2824 prope
914 2745 1007 2806 omnis
1020 2765 1073 2806 ex·

160 2837 179 2868 ¹⁴
199 2826 305 2885 ercitus
328 2827 424 2902 fugin
457 2829 495 2884 ad
523 2828 659 2886 Furcrdas
687 2825 842 2894 Caudinas,
868 2843 906 2884 ne
935 2835 1075 2900 expertus

159 2917 177 2946 ‘⁴
194 2903 314 2984 quidem
338 2915 492 2971 certamen,
514 2921 594 2962 arma
618 2903 736 2962 tradidit
761 2902 845 2970 hosti,
870 2911 902 2960 ut
925 2901 995 2960 alias
1019 2923 1074 2981 pu.

159 2997 177 3026 ⁴⁶
198 2981 306 3043 dandas
325 2979 422 3042 clades
446 2980 625 3038 exercituum
649 2991 778 3040 taceam:
798 2990 895 3040 tamen
913 2989 1027 3038 tantum
1041 2999 1072 3042 a·

54 3067 59 3078 '
160 3076 178 3106 u
197 3062 252 3120 fuit
274 3061 311 3118 ab
326 3077 370 3128 eo,
385 3069 418 3116 nt
431 3059 490 3122 ulla
512 3058 674 3136 ignominia
685 3056 721 3117 iis
733 3059 907 3120 exercitibus
921 3075 1073 3136 quaerere·

159 3156 177 3186 “
197 3155 252 3210 tur,
267 3149 343 3196 utet
357 3137 425 3194 urbs
440 3137 535 3200 Roma
554 3157 606 3216 per
619 3155 686 3196 eum
709 3137 878 3205 exercitum,
893 3137 941 3217 qui
963 3138 1001 3198 ab
1017 3139 1087 3198 Al·¹

82 3267 89 3278 .
158 3221 235 3280 “lia
264 3217 350 3296 Vejos
376 3215 576 3294 transfugerat,
604 3217 830 3294 reciperarctur;
861 3225 892 3273 et
921 3214 1073 3278 Caluinae

158 3313 175 3340 ‘⁶
196 3298 332 3375 legiones,
348 3314 421 3377 quae
443 3295 504 3362 sine
524 3295 610 3352 armis
630 3294 774 3360 cedierant
794 3293 929 3364 Romam,
943 3305 1073 3356 amatae

156 3389 174 3418 “
195 3375 330 3436 remissae
350 3375 380 3434 in
404 3372 560 3443 Samnium,
575 3374 699 3432 eundem
720 3371 801 3432 illurn
814 3371 927 3432 hostem
948 3373 1002 3430 sub
1022 3373 1071 3448 Ju-

156 3462 174 3492 ⁴⁴
195 3471 263 3526 gum
287 3453 424 3523 miserint,
442 3452 494 3532 qui
515 3451 570 3510 haic
587 3453 640 3512 sual
660 3451 817 3527 ignominia
829 3451 953 3511 laetatus
965 3447 1071 3512 fuerat.

156 3535 175 3570 ‘⁶
194 3529 380 3597 Cannensem
400 3552 466 3592 vero
487 3531 636 3617 quisquam
653 3529 814 3590 marmium
836 3529 923 3613 fugae
943 3537 995 3592 aut
1016 3539 1071 3606 pa-
