2386 3930
414 203 579 267 LIBER
607 203 703 272 XXV.
975 161 1055 273 937ι

126 352 197 432 quiri
209 375 273 416 esse
283 360 434 436 ⁵paucis-a
453 361 635 422 multitudine
647 359 677 422 in
692 363 765 422 valle
780 363 859 422 'silva
872 381 907 422 ac
930 364 1034 422 monti·
1135 389 1140 396 ·

125 433 182 494 bus
207 436 289 514 septi
311 437 520 507 circumventis,
543 453 654 518 praeter
679 442 830 500 mortem?
863 441 892 498 id
919 439 1032 508 referre,

125 523 231 596 utrum,
245 515 417 590 praebentes
437 533 565 592 corpore,
586 537 720 596 pecorum
743 519 933 578 modo‘inulti
947 518 1034 577 truci·

123 587 239 660 dentur,
261 608 308 660 an,
328 603 390 651 tuto
414 593 549 652 animoa
571 596 705 671 patiendo
728 597 980 674 exspectandoque
1003 613 1033 654 e-

124 677 213 726 reatu
234 668 266 724 in
290 667 428 745 impetum
451 681 538 750 atque
558 671 629 729 iram
642 691 733 741 verso,
747 687 866 750 agentes
879 675 1034 732 audenter·

123 763 191 820 que,
211 744 319 820 perfusi
342 747 467 807 hostium
490 765 601 816 cruore,
620 748 693 808 inter
716 753 919 826 exspirantium
942 750 1034 808 inimi-

124 840 225 879 corum
239 823 385 882 cumulata
405 843 540 904 armaque
553 839 583 886 et
596 845 716 905 corpora
729 829 843 886 cadant.
883 827 1034 887 Lucanum

124 899 299 976 proditorem
320 921 354 960 ac
369 905 542 980 transfugam
557 901 657 962 omnes
677 905 880 983 petershaqui
900 923 962 963 cam
978 907 1035 963 vie-

125 976 225 1036 timam
248 995 316 1054 prae
330 999 361 1038 se
384 981 422 1038 ad
445 981 549 1040 micros
572 983 703 1050 misisset,
716 999 781 1041 eum
795 981 884 1041 decus
898 983 1034 1040 eximium

122 1056 329 1134 egregiumque
354 1058 488 1116 solatium
511 1077 579 1118 suae
606 1061 690 1119 morti
716 1061 906 1118 inventurum.
957 1057 1041 1118 Inter

123 1129 197 1191 haec
211 1133 289 1191 dicta
308 1135 513 1212 paludamento
526 1138 633 1196 circrun
656 1138 769 1197 laevum
783 1137 931 1196 brachium
946 1135 1034 1194 intor-

125 1221 166 1278 to,
190 1211 269 1286 (narn
292 1231 329 1270 ne
350 1225 432 1272 scuta
445 1215 560 1291 quidem
580 1235 682 1275 aecum
699 1216 872 1293 extulerant)
886 1217 916 1271 in
936 1214 1034 1278 hostes

122 1287 265 1362 impetum
290 1289 368 1349 fecit.
417 1289 523 1369 Major,
547 1311 633 1371 quarn
656 1311 708 1372 pro
731 1311 850 1352 numero
877 1293 1034 1360 hominum,

125 1364 219 1446 editur
241 1385 347 1444 pugna.
366 1369 468 1446 jaculis
492 1373 616 1430 maxime
630 1385 728 1448 aperta
749 1389 869 1449 corpora
888 1369 1035 1428 Romano-

125 1461 198 1513 rum,
212 1458 251 1514 et,
266 1465 353 1523 quum
368 1446 494 1522 undique
507 1465 545 1503 ex
569 1448 716 1504 altioribus
729 1449 799 1504 locis
812 1450 842 1503 in
863 1465 962 1503 ceram
976 1448 1035 1504 val·

124 1519 183 1578 lem
209 1527 358 1598 conjectus
386 1535 471 1588 esset,
498 1524 712 1596 transfiguntur.
771 1521 946 1589 Gracchum,
975 1526 1036 1598 jam

125 1598 267 1654 nudatum
287 1597 438 1674 praesidio,
453 1595 546 1654 virum
568 1615 670 1674 capere
694 1597 785 1655 Poeni
807 1599 946 1655 nituntur.
959 1609 1037 1658 cete·

125 1691 190 1732 rum
213 1675 270 1742 ille,
291 1674 473 1753 conspicatus
496 1674 649 1734 Lucanum
673 1675 815 1752 hospitem
835 1676 909 1732 inter
929 1675 1036 1744 hortm,

124 1752 200 1810 adeo
214 1753 334 1811 infestus
357 1753 501 1812 confertos
520 1753 631 1820 invasit,
646 1765 678 1812 ut
702 1753 779 1830 parci
803 1750 830 1812 ei
853 1751 914 1810 sine
935 1751 1037 1810 multo·

126 1848 191 1887 rum
213 1831 338 1906 pernicie
361 1849 419 1888 non
446 1841 552 1908 posset.
594 1831 765 1889 Exanimem
788 1849 855 1890 eum
877 1829 968 1906 Mago
988 1845 1037 1886 ex-

127 1908 235 1983 templo
249 1909 287 1966 ad
307 1909 502 1966 Hannibalem
517 1910 602 1978 misit,
617 1910 740 1988 ponique
760 1927 826 1967 cum
841 1908 933 1986 captis
953 1905 1037 1966 simui

127 1983 253 2042 fascibus
281 1998 349 2043 ante
372 1985 496 2044 tribunal
520 1987 697 2063 imperatoris
721 1987 814 2064 jussit.
866 1988 952 2044 Haec
971 2001 1039 2044 veta

126 2061 204 2124 tama
217 2072 272 2120 est.
310 2063 462 2123 Gracchus
475 2064 505 2122 iu
517 2063 644 2122 Lucanis
657 2063 694 2122 ad
709 2081 834 2142 campos,
849 2065 897 2142 qui
917 2065 1038 2124 Veteres

127 2149 275 2212 vocantur,
290 2141 382 2218 periit.

168 2217 265 2276 xvl1.
307 2219 403 2287 Suus,
418 2218 510 2296 quiin
529 2236 598 2296 agro
619 2219 832 2287 Beneventano,
851 2233 940 2294 prope
955 2217 1039 2277 Calo·

127 2309 196 2354 rem‘
211 2297 338 2365 fluvium,
354 2297 516 2366 ostendant,
531 2314 548 2354 a
562 2297 661 2354 castris
681 2315 748 2354 cum
768 2297 915 2354 lictoribus
935 2313 971 2354 ac
991 2295 1040 2352 tri·

127 2373 183 2431 bus
206 2375 293 2431 servis
313 2375 424 2432 lavandi
448 2377 535 2432 causa
549 2393 749 2451 progressum,
764 2391 852 2450 quum
871 2371 945 2430 sorte
965 2372 1040 2429 inter

127 2451 227 2508 salicta
248 2449 346 2509 innata
367 2451 434 2528 ripis
457 2452 579 2510 laterent
600 2451 707 2519 hostes,
728 2451 838 2507 nudum
860 2461 946 2524 atque
966 2450 1039 2504 iner-
1106 2509 1110 2516 .

127 2546 213 2595 mem,
236 2529 377 2606 saxisque,
401 2547 475 2606 quae
497 2529 586 2586 volvit
611 2529 712 2597 amnis,
737 2537 974 2604 propugnantem,
997 2523 1039 2582 in-

127 2605 289 2664 terfectum.
346 2607 429 2674 Sunt,
457 2606 514 2682 qui,
542 2607 703 2680 aruspicum
731 2604 843 2661 monitu
870 2602 1040 2678 quingentos

126 2699 229 2761 passus
242 2701 260 2739 a
273 2682 373 2741 castris
393 2701 583 2759 progressum,
598 2683 640 2739 uti
660 2682 724 2739 loco
740 2699 813 2757 puro
827 2698 871 2746 ea,
886 2697 957 2755 quae
971 2693 1039 2740 ante

127 2759 206 2820 dicta
232 2758 361 2838 prodigia
385 2771 461 2828 sunt,
489 2750 724 2837 procuraret,'ab
753 2757 939 2816 insidentibus
964 2757 1038 2817 forte
1105 2765 1107 2773 ’

126 2839 222 2898 locum
247 2840 360 2896 duabus
384 2838 484 2896 turmis
509 2836 698 2894 Numidarum
722 2835 946 2895 circumventum
970 2837 1038 2894 scri-

126 2917 293 2975 bautsadeo
307 2935 361 2975 nee
380 2915 460 2975 loeus
474 2933 529 2973 nec
550 2914 623 2972 ratio
647 2914 745 2973 mortis
759 2914 787 2970 in
808 2913 866 2972 viro
881 2927 938 2971 tam
960 2913 1038 2971 claro

9 3043 12 3056 .
107 3007 158 3053 “et
181 2995 284 3070 insigni
308 3007 430 3052 constat.
471 2993 726 3072 Funeris‘quoque
749 2991 874 3050 Gracchi
898 2991 974 3047 varia
994 2999 1038 3045 est

126 3069 214 3128 fama.
256 3069 318 3128 Alii.
328 3070 356 3127 in
371 3071 470 3128 castris
485 3069 623 3128 Romania
645 3070 787 3146 sepultum
802 3070 839 3126 ab
854 3070 921 3131 suis,
937 3065 984 3122 alii
998 3067 1035 3123 ab

129 3147 297 3206 Hannibale
320 3149 360 3225 (et
383 3165 418 3205 ea
438 3139 578 3221 vulgatior
601 3146 676 3203 fama
696 3149 751 3224 est)
771 3147 889 3202 tradunt
911 3143 938 3198 in
954 3143 1037 3199 resti-

128 3225 199 3285 bulo
214 3225 386 3282 Punicorum
404 3237 562 3282 castrorum
583 3243 683 3300 rogum
703 3233 881 3282 exstructum
895 3235 974 3276 esse:
994 3235 1038 3274 ar·

127 3315 239 3362 matum
253 3301 409 3364 exercitum
431 3301 626 3359 decucurrisse
650 3315 716 3360 eum
740 3297 869 3375 tripudiis
894 3296 1038 3368 Hispano·

126 3400 201 3448 rum,
229 3377 411 3466 motibusque
437 3393 579 3435 armorum
606 3389 636 3436 et
660 3393 811 3453 corporum
838 3369 1037 3446 suae'cuique

127 3458 208 3540 genti
220 3454 351 3530 assuetis,
364 3473 426 3536 rpso
447 3455 612 3516 Hannibale
626 3455 704 3514 omni
722 3467 816 3510 rerum
829 3447 1037 3526 verborumque
