2406 3932
422 197 587 264 LIBER
616 197 727 264 XXIV.
993 207 1050 272 ms

134 381 193 424 ,ros
212 381 277 442 pars
289 373 408 440 utraque
421 379 488 419 suos
501 362 652 430 exercitus,
667 379 719 420 sua
732 375 820 427 arma,
835 375 901 420 suos
919 361 1052 422 habitura

145 443 183 501 sit
201 443 297 501 duces.
335 441 447 517 Itaque,
472 451 504 496 ut
524 457 624 498 omnes
645 439 721 498 idem
746 437 878 504 sentiant,
900 441 1010 498 summa
1024 441 1052 497 vi

145 521 287 598 agendum
306 537 392 578 esse:
422 525 487 574 utra
509 517 631 574 societas
654 517 690 574 sit
704 516 807 583 utilior,
822 531 886 573 eam
900 515 984 592 longe
998 517 1053 574 mi·

143 613 242 657 norem
268 615 304 656 ac
334 593 445 654 levioris
471 593 610 650 momenti
636 592 874 651 consultationem
900 612 974 652 esse.
999 596 1051 653 sed

144 686 240 734 tamen
262 671 397 731 Hieronis
416 670 521 748 potius,
542 687 629 746 quarn
650 670 828 746 Hieronymi,
848 671 1051 730 auctoritatem

142 752 319 830 sequendam
345 749 374 806 iu
398 749 481 807 sociis
507 747 645 824 legendis,
669 747 713 805 vel
740 747 942 826 quinquaginta
968 750 1050 808 annis

141 830 264 890 feliciter
277 837 424 905 expertam
443 824 597 883 amicitiam
619 844 697 882 nunc
720 825 889 902 incognitae,
905 828 1050 904 quondam

141 907 259 974 infideli,
274 904 496 982 praeferendam.
537 902 611 961 Esse
629 902 716 960 etiam
736 904 873 962 momenti
893 905 998 982 aliquid
1011 905 1049 964 ad

141 985 301 1052 nomiliam,
312 981 393 1060 ⁴quod
416 981 704 1056 Karthaginiensibus
716 980 757 1038 ita
769 999 827 1059 pax
840 983 937 1058 negari
950 983 1048 1060 possit,

141 1073 175 1122 ut
188 1081 245 1120 non
256 1061 354 1138 utique
365 1060 393 1118 in
407 1057 567 1136 praesentia
580 1058 688 1117 bellum
702 1059 818 1117 cumeis
828 1069 962 1136 geratur:
983 1079 1050 1117 cunt

142 1137 282 1200 Romanis
302 1137 448 1214 extemplo
468 1149 518 1193 aut
544 1153 645 1213 pacem
672 1149 722 1195 aut
745 1136 853 1195 bellum
876 1137 1052 1196 habendum.

140 1221 209 1284 Quo
233 1217 327 1274 minus
350 1214 515 1292 cupiditatis
533 1231 572 1271 ac
592 1212 677 1272 studii
691 1215 750 1273 visa
763 1225 807 1274 est
821 1216 912 1275 oratio
932 1215 1050 1284 habere,

141 1315 183 1356 co.
199 1295 265 1372 plus
282 1291 460 1352 auctoritatis
480 1291 591 1349 habuit.
632 1291 789 1382 Adjtsctunr
809 1283 854 1352 est
873 1292 1052 1371 praetoribus

140 1391 178 1432 ac
190 1371 310 1431 delectis
330 1382 493 1429 senatomm
513 1369 634 1428 militare
647 1381 733 1428 ettam
753 1371 912 1430 consilium.
932 1372 1004 1448 jussi
1020 1383 1051 1430 et

144 1451 234 1510 eluces
246 1449 378 1508 ordinum
403 1445 595 1525 praefectique
609 1447 777 1504 auxiliorum
791 1450 874 1506 simul
893 1449 1053 1508 consulere.

129 1531 239 1596 -Quum
252 1547 338 1602 saepe
354 1535 419 1582 acta
437 1541 484 1580 res
497 1534 572 1579 esset
586 1523 696 1596 magnis
710 1524 921 1591 certaminibus,
942 1536 1051 1600 postre-

141 1620 200 1674 mo,
215 1605 282 1681 quia
294 1601 363 1660 belli
376 1618 443 1657 cum
467 1598 606 1655 Romanis
618 1598 736 1672 gerendi
755 1600 828 1656 ratio
841 1601 919 1658 nulla
932 1617 1051 1678 appare·

141 1685 202 1750 bat,
227 1697 328 1758 pacem
351 1676 412 1734 fieri
435 1674 551 1754 placuit,
572 1673 704 1753 mittique
728 1693 793 1734 cum
817 1677 858 1736 eis
881 1677 991 1753 legatos
1012 1679 1051 1736 ad

142 1754 449 1819 remconlirmandam.
1052 1789 1055 1796 ⁴

149 1875 153 1882 ·
181 1835 292 1893 XXIX.
340 1835 419 1892 Drns
442 1831 521 1889 haud
543 1832 584 1890 ita
607 1831 689 1890 multi
709 1831 940 1901 intercesserunt,
963 1851 1051 1909 quum

141 1931 180 1974 ex
193 1911 342 1970 Leontinis
364 1911 461 1986 legati,
475 1911 647 1986 praesidium
666 1912 771 1970 finibus
794 1911 852 1970 suis
866 1921 989 1978 orantes,
1003 1930 1052 1969 ve·

15 2069 16 2078 ῒ
82 2001 86 2006 ’
142 1999 266 2062 nerunt3
286 2005 359 2064 quae
372 1986 477 2063 legatio
490 1998 702 2066 peropportuna
715 1989 774 2047 visa
787 1989 824 2048 ad
837 1988 1050 2047 multitudinem

141 2065 318 2126 inconditam
341 2083 376 2123 ac
399 2063 605 2122 tumultuosam
618 2067 845 2135 ,exonerandam
860 2066 1006 2144 ducesque
1020 2084 1050 2124 e·
1120 2113 1125 2122 ,

139 2148 188 2224 jus
209 2143 394 2220 ablegandos.
434 2141 627 2232 Hippocrates
648 2153 761 2218 praetor
780 2144 886 2202 ducere
906 2165 941 2204 eo
961 2141 1054 2202 trans·

141 2223 225 2300 fugas
242 2225 360 2299 jussus:
390 2229 482 2279 secuti
502 2218 584 2277 multi
604 2237 642 2278 ex
655 2221 842 2280 mercenariis
861 2221 971 2280 auxiliis
984 2241 1053 2300 qua·

142 2313 209 2360 tuor
230 2299 318 2357 millia
344 2310 519 2357 armatorum
542 2296 708 2358 effecerunt.
757 2299 797 2358 Et
820 2299 999 2359 mittentibus
1023 2311 1053 2359 et

141 2375 236 2438 missis
247 2395 284 2440 ea
305 2377 382 2434 laeta
395 2375 540 2452 expeditio
552 2375 615 2434 fuit.
629 2393 696 2434 narn
716 2387 746 2434 et
759 2377 822 2447 illis,
837 2377 914 2456 quod
929 2381 987 2455 Jam
1002 2377 1051 2434 diu
1116 2387 1118 2394 '

141 2454 307 2532 cupiebant,
323 2453 445 2510 novandi
468 2471 513 2511 res
533 2453 647 2512 occasio
666 2453 735 2511 data
755 2466 816 2521 est;
834 2468 877 2514 et
900 2455 939 2522 hi,
964 2453 1052 2510 senti·
1090 2464 1093 2471 ’

142 2551 209 2592 nam
224 2530 368 2609 quandam
382 2530 460 2594 urbis
476 2530 530 2587 rati
543 2529 721 2598 exhaustam,
736 2533 926 2589 laetabantur.
967 2531 1052 2588 Cete-

142 2627 207 2668 rum
220 2609 385 2666 levaverunt
399 2606 526 2664 modain
542 2607 704 2684 praesentia
717 2607 796 2666 velut
809 2625 912 2684 corpus
926 2625 1053 2683 aegrum,
1142 2657 1151 2670 s

126 2705 200 2765 ⁴quo
214 2703 281 2743 mox
301 2683 330 2740 in
353 2683 511 2760 graviorem
525 2685 657 2740 morbum
671 2685 819 2742 recideret.
864 2685 1053 2762 Hippocrates
1081 2737 1091 2747 .

142 2765 219 2825 enim
238 2761 358 2821 finitima
381 2759 543 2838 provinciae
563 2761 713 2820 Romanae
727 2763 817 2840 primo
830 2761 938 2820 furtivis
952 2783 1054 2824 excur-

143 2842 270 2902 sionibus
290 2852 401 2898 vastare
421 2838 532 2914 coepit:
564 2837 677 2908 deinde,
690 2860 780 2918 quum
803 2841 840 2898 ad
864 2843 986 2902 tuendos
1006 2865 1052 2902 so·

143 2920 251 2978 ciorum
271 2937 354 2994 agros
374 2918 491 2975 missum
505 2917 543 2975 ab
559 2917 655 2994 Appio
669 2907 840 2995 praesidium
854 2931 939 2991 esset,
959 2923 1052 2980 omni·

144 2999 199 3056 bus
218 2995 307 3076 copiis
327 2995 465 3071 impeturn
489 2994 518 3052 in
542 2997 701 3072 oppositam
715 2997 948 3057 stationemlcum
963 2999 1052 3056 caede

144 3074 298 3130 multorum
312 3071 389 3130 fecit.
428 3073 511 3136 Quae
533 3092 622 3148 quum
636 3085 731 3132 essent
752 3076 889 3134 nunciata
902 3077 1053 3144 Marcello,

144 3151 256 3227 legatos
270 3148 413 3225 externplo
439 3148 594 3226 Syracusas
615 3150 700 3218 misit,
715 3151 762 3228 qui
781 3155 860 3230 pacis
881 3153 967 3211 fidem
988 3173 1053 3228 rup-

146 3240 205 3287 tam
220 3243 282 3283 esse
302 3225 448 3292 dicerent;
468 3243 522 3283 nec
535 3227 603 3284 belli
617 3228 777 3287 defuturam
790 3249 913 3306 unquam
928 3246 1053 3296 causam,

146 3304 200 3364 nisi
221 3303 413 3378 Hippocrates
437 3303 682 3382 atque·Epicydes
696 3327 752 3365 non
773 3311 810 3365 ab
833 3309 980 3440 &pratensis
994 3325 1054 3362 mo·

145 3383 194 3452 do,
208 3379 261 3440 sed
275 3381 337 3437 tota
359 3379 457 3456 procul
480 3378 585 3448 stettin,
599 3383 809 3460 ablegarentur.
877 3384 1003 3459 picydes,
1018 3403 1055 3444 nc

48 3492 52 3497 ·
146 3467 197 3524 aut
210 3476 276 3518 reus
299 3456 422 3520 criminis
435 3457 562 3518 absentis
576 3458 668 3520 fratris
689 3479 823 3540 praesens
844 3471 929 3531 esset,
944 3471 993 3520 aut
1007 3462 1057 3523 des
