2386 3930
166 249 224 322 aas
519 255 554 318 r.
582 257 722 318 t1v11

165 414 341 482 sententiaer
360 412 473 492 quando
485 413 522 472 ad
544 414 574 473 id
586 413 715 474 locorum
728 413 759 473 id
777 414 862 474 modo
875 426 977 476 actam·
987 426 1078 486 esset,

164 504 198 554 ut
219 493 430 552 Hasdrubalem
453 493 620 551 tendentem
640 495 670 551 in
690 493 803 551 Italiam
821 493 984 564 retinerent,
1000 505 1076 554 tem·

163 589 217 648 pus
231 590 295 631 esse
308 571 338 627 id
355 573 414 646 jam
428 569 484 645 agi,
499 581 532 628 ut
554 571 664 630 bellurn
678 571 707 628 in
721 572 861 648 Hispania
873 572 1021 630 finiretur:
1039 587 1075 642 ¹et

163 649 233 707 satis
256 647 293 706 ad
319 647 350 704 id
372 646 473 705 virium
496 649 656 708 credebant
676 649 839 719 accessisse,
864 650 961 726 viginti
983 649 1075 708 millia

162 725 380 794 Celtiberorum,
395 726 432 784 eb
452 725 547 788 hieme
570 727 608 786 ad
630 746 710 786 arma
727 726 862 795 excitata,
901 727 971 786 Tres
988 745 1073 786 exer-

162 805 235 862 dtus
257 813 347 862 erant.
389 804 566 872 Hasdrubal,
581 805 716 882 Gisgonis
737 805 821 876 lilius,
836 817 867 865 et
890 805 990 882 Mago,
1003 823 1074 863 con·

156 880 264 957 iunctis
285 883 395 952 castris,
410 883 534 960 quinque
555 882 644 942 ferme
657 883 766 941 dierum
793 884 848 943 iter
871 885 908 943 ab
934 883 1075 942 Romanis

159 959 288 1018 aberant.
350 961 470 1038 Propior
495 971 556 1020 erat
583 959 756 1020 Hamilcaris
782 962 866 1032 filius,
894 961 1073 1030 Hasdrubal,

159 1049 243 1096 vetus
256 1038 286 1095 in
302 1037 443 1116 Hispania
467 1039 629 1116 imperator.
658 1038 696 1096 ad
709 1041 810 1098 urbem
824 1039 939 1098 nomine
953 1039 1071 1097 Anitor-

159 1115 208 1192 gin
233 1116 391 1175 exercitum
415 1116 551 1176 habebat.
591 1117 667 1175 Eum
690 1117 826 1194 volebant
849 1119 927 1194 prius
950 1116 1072 1194 opprimi

158 1193 248 1253 duces
263 1193 406 1252 Romani:
425 1206 455 1252 et
469 1213 534 1271 spes
552 1205 622 1263 erat,
636 1194 705 1252 satia
723 1193 864 1272 superque
877 1195 915 1253 ad
927 1195 958 1252 id
970 1194 1072 1253 virium

158 1289 230 1330 esse.
251 1270 299 1326 illa
319 1265 445 1328 restabat
466 1289 543 1338 cura,
557 1290 603 1341 ne,
616 1272 681 1329 fuso
702 1291 737 1330 eo
753 1273 887 1350 perculsi,
900 1271 973 1332 alter
993 1272 1071 1330 Has·

157 1346 268 1412 drubal,
287 1356 317 1402 et
336 1346 436 1420 Mago,
450 1347 479 1401 in
500 1349 578 1404 avios
600 1349 691 1404 saltus
706 1361 876 1426 montesque
899 1351 1071 1428 recipientes

138 1425 229 1491 sese,
250 1420 358 1480 bellum
378 1420 571 1480 extraherent.
611 1422 761 1498 Optimum
781 1425 867 1499 igitur
887 1428 951 1494 rati,
972 1427 1072 1486 divisis

156 1499 288 1558 bifariam
309 1499 408 1577 copiis,
422 1499 510 1558 totius
524 1499 608 1576 simul
629 1499 787 1576 Hispaniae
801 1500 934 1578 amplecti
948 1504 1071 1572 bellum,

156 1579 198 1638 ita
214 1579 288 1636 inter
301 1597 333 1636 se
347 1578 512 1648 diviserunt,
526 1588 559 1636 ut
573 1578 607 1636 Ρ.
621 1577 771 1637 Cornelius
784 1579 855 1638 duas
876 1591 970 1656 partes
983 1599 1070 1639 exer-

156 1659 231 1718 eitlrs
253 1656 451 1716 Romanorum
472 1656 670 1734 sociorumque
690 1656 825 1715 adversos
845 1656 1003 1732 Magonem
1016 1659 1071 1731 du·

156 1747 236 1794 earet
263 1745 350 1812 atque
368 1733 613 1793 Hasdrubalem:
644 1735 699 1793 Cn.
724 1733 873 1793 Cornelius
897 1753 963 1794 eum
985 1738 1070 1796 tertis

154 1824 237 1890 parte
258 1812 360 1871 veteris
382 1808 535 1878 exercitus,
556 1810 707 1870 Celtiberis
727 1811 882 1888 adjunctis,
901 1831 969 1870 eum
991 1814 1070 1872 Has·

155 1889 275 1948 drubale
299 1887 422 1944 Barcino
448 1888 556 1947 bellurn
578 1899 701 1964 gereret.
741 1888 810 1948 Una
829 1888 959 1967 profecti,
981 1892 1069 1952 ambo

155 1968 244 2026 duces
263 1964 474 2040 exercitusque,
497 1963 650 2024 Celtiberis
673 1966 947 2042 praegredientibus,
961 1969 999 2028 ad
1021 1989 1069 2028 ur·

154 2046 223 2104 bem
238 2041 390 2118 Anitorgin
414 2043 444 2099 in
469 2056 627 2120 conspectu
651 2042 787 2113 hostiurn,
808 2044 958 2104 dirimente
980 2049 1072 2116 amni,¹

146 2131 266 2200 ponunt
279 2131 383 2179 castra.
423 2119 468 2178 lbi
483 2119 538 2180 Cn.
559 2121 663 2199 Scipio,
679 2140 745 2180 curn
760 2122 863 2199 quibus
876 2135 944 2182 anta
957 2123 1068 2182 dictum

154 2211 199 2258 est
219 2196 319 2276 copiis,
333 2197 470 2269 substitit,
485 2209 514 2257 et
529 2199 562 2257 P.
578 2198 674 2276 Scipio
688 2199 833 2276 profectus
843 2199 881 2258 ad
894 2200 1070 2261 destinatam

151 2277 220 2336 belli
255 2275 355 2338 artem.
846 2319 849 2326 -
909 2287 911 2292 '
1052 2303 1056 2310 ¹
1175 2341 1176 2348 χ

194 2298 338 2413 xllxltl.
379 2357 586 2416 Hasnatrssn
604 2366 755 2435 postquam
776 2355 985 2426 animadvertit,
1005 2359 1072 2416 exi·
1175 2361 1176 2383 ¹

154 2455 244 2513 guum
268 2434 433 2495 Romanum
453 2435 610 2494 exercitum
630 2435 660 2492 in
674 2433 784 2502 castris,
799 2445 829 2493 et
849 2453 931 2512 spem
949 2453 1067 2494 ornnem
1174 2461 1175 2468 ¹

154 2520 185 2572 r'n
200 2513 409 2575 Celtiberorum
427 2513 538 2573 auxiliis
552 2532 633 2582 esse;
652 2511 760 2590 peritus
773 2512 866 2571 omnis
885 2513 1067 2584 barbaricae,
1172 2567 1173 2582 ἢ

155 2606 185 2652 et
206 2595 359 2670 praecipue
372 2593 498 2652 omnium
522 2609 620 2650 earum
640 2590 779 2668 gentium,
793 2591 823 2648 in
837 2589 939 2667 quibus
957 2608 1008 2668 per
1021 2602 1069 2650 tot

154 2689 248 2728 annos
281 2671 432 2741 militabat,
460 2669 612 2749 perfidiae,
638 2669 715 2728 facili
740 2669 856 2746 linguae
884 2668 1066 2740 commercio,
1093 2674 1098 2678 “
1171 2699 1172 2719 r

154 2765 243 2822 (quum
257 2760 486 2826 utraquecastra
509 2749 595 2824 plena
618 2748 814 2826 Hispanorum
834 2758 939 2816 essent,
974 2754 1067 2806 eroc'-
1170 2789 1171 2805 r

153 2824 233 2881 culta
246 2825 389 2913 colloquia
411 2827 565 2905 paciscitur
585 2829 691 2901 magna
704 2823 839 2884 mercede
852 2843 918 2882 cum
965 2824 1068 2884 eltibe·
1169 2831 1170 2834 ’

154 2919 250 2960 rorum
260 2902 451 3034 principibus,
467 2914 499 2958 ut
518 2903 615 2977 copias
629 2903 696 2959 inde
709 2901 865 2958 abducant.
905 2900 969 2958 Nec
982 2913 1067 2962 atrox

155 2979 248 3038 visum
272 2975 381 3034 acinus.
394 2995 452 3034 non
466 2976 552 3043 enim,
567 2988 600 3032 ut
613 2977 642 3032 in
658 2977 804 3034 Romanos
817 2987 962 3036 verterent
975 2997 1065 3050 arma,

132 3058 312 3136 ,agebaturr
341 3065 371 3112 et
395 3071 513 3123 merces,
534 3063 641 3131 quanta
653 3053 698 3112 vel
718 3070 771 3130 pro
793 3053 871 3114 bello
887 3055 956 3114 satis
979 3070 1066 3128 esset,
1167 3051 1168 3058 ¹

156 3139 289 3204 dabatur,
302 3151 339 3191 ne
361 3132 471 3192 bellum
490 3143 642 3209 gererent:
663 3143 703 3202 et,
717 3149 806 3210 quum
819 3132 898 3209 quies
918 3133 989 3211 ipsa,
1003 3148 1067 3196 tum

156 3215 265 3277 reditus
285 3213 403 3271 domum
425 3211 592 3288 fructusque
613 3211 726 3268 videndi
750 3229 817 3268 suos
843 3229 960 3288 suaque,
984 3226 1067 3289 grata
1104 3231 1110 3242 ·

155 3294 241 3368 vulgo
253 3304 352 3362 erant.
391 3289 492 3367 ltaque
515 3308 574 3380 non
593 3289 715 3348 ducibus
737 3287 957 3424 faciliusquam
971 3292 1066 3351 multi·

145 3370 258 3438 tudini,
271 3387 437 3446 persuasum
449 3378 513 3425 est:
544 3368 626 3425 srmul
648 3386 684 3426 ne
711 3379 805 3424 metus
819 3385 867 3445 qut
888 3385 933 3428 em
946 3368 984 3426 ab
1006 3369 1066 3428 Ro-
1163 3372 1164 3394 ¹

156 3448 248 3505 manis
262 3457 332 3515 erat,
348 3448 452 3526 quippe
465 3457 524 3504 tam
545 3445 654 3582 paucis,
675 3444 699 3503 si
712 3447 738 3502 vi
752 3445 915 3504 retinerent.
954 3445 989 3502 Id
1001 3447 1065 3522 qui-

157 3521 223 3578 dem
244 3526 404 3586 cavendum
421 3529 533 3604 semper
575 3522 820 3584 omanisducibus
843 3522 905 3596 erit,
919 3519 1064 3602 exempla·
1160 3573 1161 3594 2
