2386 3930
441 227 612 302 steen
637 181 755 296 niv.¹
981 233 1039 302 aes

129 341 293 462 eduxissett
321 393 392 471 ipse,
406 409 504 454 eomes
526 329 884 461 connumerassent,
896 387 1039 526 prodigit·

129 469 211 530 Luce
233 471 324 552 primi
338 469 383 528 vul
406 480 454 528 ata
478 489 528 548 per
541 471 642 528 urbem
655 470 724 546 fuge
737 478 802 528 este
831 467 974 548 micaque,
989 467 1038 544 qui
1078 519 1081 526 ⁴

129 563 325 627 sequerentur,
338 549 375 608 ab
418 547 546 606 arrscina
568 549 790 624 comprehensos
810 563 911 605 omnes
930 557 1039 604 retraxa

128 640 221 687 erunt.
241 627 359 688 deducti
383 627 411 686 in
435 624 562 693 consitio,
576 625 729 702 virgisque,
745 625 924 704 approbante
947 641 1039 702 popu-

126 703 164 775 ia,
176 705 263 776 caesi,
277 705 316 765 dc
328 723 397 763 sexo
411 703 591 781 dejiciuntur.

168 779 252 842 vui.
293 783 402 842 Huius
422 780 558 842 atrocitas
580 797 692 858 poenae
708 778 829 840 danum
849 779 1038 842 nobilissima*

128 876 193 920 rum
220 861 251 920 in
276 860 361 920 Italia
386 859 564 920 Graecarum
591 857 751 916 civitatium
775 859 885 918 animos
910 859 1037 928 irritavit,

128 958 218 1017 quum
240 938 366 1017 publice,
379 949 440 998 tuna
462 937 550 997 etiam
573 935 700 1014 singuios
721 935 860 1012 privatim,
876 947 907 996 ut
921 937 1040 1014 quisque

129 1030 190 1076 tam
213 1018 299 1077 foede
321 1017 509 1108 interemptos
529 1023 581 1078 stri
601 1013 821 1150 prtppinqaitetn
836 1025 887 1074 sut
906 1014 1040 1082 amicitii,

129 1095 326 1173 ooerdugebot.
366 1095 467 1154 Exire
486 1094 623 1154 tredecim
685 1112 703 1152 e
721 1091 832 1152 nobiles
850 1094 973 1170 juvenes
987 1089 1043 1148 Tu·

127 1172 234 1232 reatini
254 1177 483 1252 conjsrraverunt,
499 1191 618 1250 quorum
640 1170 783 1248 principes
808 1169 884 1232 Nico
903 1181 933 1228 et
947 1167 1042 1228 Phile·

129 1269 234 1310 ruenus
253 1264 343 1312 erent.
384 1251 435 1321 Hi,
459 1251 548 1329 prius,
570 1267 656 1328 quarn
677 1247 784 1327 aliquid
806 1255 962 1316 moverent,
984 1246 1043 1306 col·

127 1327 304 1406 loquendum
328 1348 395 1390 cunr
414 1329 581 1390 Hannibale
602 1327 667 1398 ruti,
681 1340 768 1388 noae
790 1346 842 1406 per
855 1325 980 1406 speciem
993 1343 1041 1386 ve·

127 1406 216 1466 nandi
243 1409 315 1468 urbe
338 1409 453 1486 egressi,
475 1407 513 1466 ad
539 1427 607 1466 eum
633 1405 863 1482 proficiscuntur
886 1417 925 1473 et.
953 1423 1040 1482 quum

127 1484 207 1546 haud
221 1486 319 1564 procui
334 1487 435 1546 castris
448 1486 593 1550 abessent,
607 1482 696 1542 ceteri
711 1481 785 1540 siivd
805 1501 895 1560 prope
907 1483 983 1542 riam
996 1501 1040 1542 se·

126 1583 162 1624 sc
181 1564 388 1636 occuluerunt:
411 1561 486 1650 Nico
508 1571 538 1618 et
562 1558 757 1647 Philemenus,
776 1558 918 1634 progressi
931 1559 969 1616 ad
983 1571 1040 1616 stn-

126 1653 231 1778 Ἢ
248 1635 672 1792 distinxistis&
688 1645 835 1770 mit
847 1635 1040 1782 nundin:

125 1805 158 1856 et
181 1795 250 1873 quid
271 1807 414 1873 perorent,
438 1790 638 1873 exposuissent
652 1813 673 1865 3¹
687 1787 855 1858 collaudati,-
876 1787 1043 1866 oneratique

127 1873 286 1951 promissis,
303 1874 453 1951 jubentur,
465 1883 498 1931 ut
510 1871 598 1932 fidem
611 1867 799 1948 popularibus
817 1867 946 1928 facerent
960 1885 1041 1946 prae·

127 1949 217 2009 dandi
230 1955 317 2010 cerui
338 1969 369 2010 ee
384 1951 456 2010 urbe
468 1968 606 2026 egressm,
621 1965 726 2026 pecora
747 1945 1040 2022 Karthaginiensium,

126 2025 1041 2194 tri‘citimbnitbffltrini‘mn22tetigit?

560 2145 569 2173 ,
826 2145 834 2161 .

127 2202 163 2244 ea
176 2184 284 2265 praede
302 2185 440 2262 juvenum
454 2196 517 2243 est:
537 2183 697 2258 minusque,
712 2178 815 2240 iterum
836 2198 871 2240 ee
884 2199 997 2257 sceptus
1010 2181 1040 2240 id

4 2256 8 2271 '
127 2281 178 2322 eos
201 2262 317 2333 audere,
340 2261 480 2324 miracsdo
501 2261 565 2320 fuit.
605 2259 760 2336 Congressi
782 2276 851 2318 cum
873 2258 1040 2320 Hannibale

125 2359 233 2411 mutes,
253 2341 311 2401 fide
332 2351 497 2411 emerunt,
511 2339 618 2400 liberos
636 2337 809 2396 Tarentinos
830 2337 909 2414 leges
932 2353 1040 2416 sueque
1121 2369 1123 2376 ν

127 2419 224 2476 omnis
243 2417 402 2489 habituros,
416 2439 511 2498 neque
531 2419 620 2477 ulium
633 2415 756 2492 vectigei
777 2416 875 2476 Poeno
890 2433 1037 2492 pensuros,

126 2495 339 2574 praesidiumve
358 2496 462 2556 invitos
480 2509 663 2574 recepturos:
683 2494 796 2572 prodita
809 2493 951 2573 praesidis
964 2492 1039 2552 Kar·
1119 2497 1125 2505 '

126 2573 349 2650 tbaginiensr'unr
370 2572 447 2634 sore.=
482 2574 566 2634 Haec
589 2572 640 2632 ubi
663 2583 868 2639 conuenerunt,
888 2580 958 2628 tuuc
972 2587 1038 2630 vero

124 2651 313 2712 Philemenus
339 2652 578 2712 consuetudinem
604 2661 690 2710 nocte
716 2647 894 2726 egrediundi,
918 2646 1038 2709 redeun-

124 2729 213 2808 dique
236 2725 272 2788 in'
289 2732 400 2798 urbem,
423 2728 644 2808 frequentiorem
664 2727 839 2804 fecereeiet
859 2738 920 2786 erat
933 2745 1039 2789 venan-

124 2807 155 2866 di
177 2807 272 2868 studio
292 2808 421 2886 insignis)
445 2825 599 2886 mumque,
619 2815 650 2864 et
670 2805 743 2864 eiius
765 2817 918 2942 sppsrstus
938 2824 1038 2886 seque·

125 2887 226 2956 batur3
247 2899 421 2966 captumque
443 2886 534 2946 ferun
547 2883 664 2963 aliquid,
677 2895 729 2942 aut
747 2885 785 2944 ub
826 2896 890 2944 oste
902 2903 939 2946 ex
958 2904 1039 2964 pree-

125 2975 226 3042 parato
249 2967 388 3036 ablatum,
401 2964 583 3044 reportando,
598 2962 726 3024 donabat
746 2972 797 3024 aut
817 2964 973 3042 praesecto,
987 2980 1037 3024 aut
1080 2999 1085 3006 -

72 3086 75 3092 .
120 3043 298 3102 etutodibus·
318 3056 474 3134 portarum.
495 3053 581 3103 noete
603 3041 729 3103 maxine
748 3060 941 3120 comineerep
995 3051 1038 3100 ter

125 3128 236 3178 metum
254 3119 389 3190 bostrum,
403 3121 569 3180 credebant.
609 3119 669 3178 Ubi
688 3121 747 3198 jein
772 3139 808 3180 ee
824 3129 955 3182 consueti
985 3117 1039 3179 inis

125 3195 252 3256 adducta
275 3215 321 3258 res
345 3212 398 3270 est,
421 3209 464 3268 ut,
487 3215 661 3275 quocunque
685 3199 779 3260 noetis
799 3209 931 3275 tempore
953 3194 1035 3256 sibilo

123 3273 253 3334 dedisset
273 3275 395 3354 signam,
420 3287 503 3354 ports
524 3273 690 3413 ffietur,
710 3287 826 3355 tempus
847 3273 980 3351 agendae
997 3274 1038 3334 rei

126 3351 286 3416 Hannibali
307 3355 398 3412 visum
418 3365 473 3412 est.
617 3353 626 3410 i
649 3354 723 3412 viam
747 3356 872 3412 aberstr
898 3349 958 3420 ubi,
982 3370 1038 3426 que

120 3432 220 3492 -rainus
246 3431 350 3490 mirum
377 3442 453 3492 esset
479 3450 538 3492 unc
564 3432 726 3509 eodemque
750 3431 816 3490 loeo
843 3427 946 3488 stativs
969 3446 1035 3488 eum

124 3509 235 3578 tamdiu
257 3508 374 3585 habere,
396 3527 513 3595 aegrum
537 3509 702 3570 seruiebat.
751 3506 890 3566 Romsnis
911 3524 1033 3590 quoque,
