2406 3932
132 199 190 258 iil·
483 191 680 252 T.L1v11

129 351 226 418 Quum
256 349 442 406 mirabundus
468 359 559 428 pater,
594 347 730 426 quidnam
757 347 787 406 id
813 363 890 407 esset
919 301 1039 418 consilii,
1113 376 1135 404 s
1178 379 1179 386 r

129 437 299 506 quaereret;
319 427 388 503 roge
410 428 518 503 rejectis
540 428 577 484 ab
602 427 732 495 hurnero,
760 425 834 483 latus
857 429 1040 486 succinctum

128 507 224 583 gladio
246 505 352 562 nudate
385 515 403 542 “
416 505 483 562 dant
502 504 583 581 ego,’'
609 504 710 580 inquit,
733 503 902 578 “sanguine
925 507 1040 563 Hanni·

131 594 148 624 “
162 584 236 642 baiis
250 583 375 640 sanciam
391 582 555 639 Romanum
569 582 681 640 i'oedus.
702 594 732 640 te
744 578 773 638 id
794 581 872 658 prius
894 582 967 640 scire
988 601 1039 641 vo·

130 672 149 700 “
162 663 211 730 lui,
226 662 249 718 si
262 661 336 717 forte
349 661 460 727 abesse,
475 660 543 717 dum
557 660 667 718 facinus
681 671 818 736 patratur,
836 659 959 718 malles.”

73 727 77 741 ’
168 739 220 798 lX.
262 739 357 802 Quas
376 739 425 795 ubi
445 738 515 795 vidit
535 737 698 816 audivitque
722 734 958 806 serraverunt
979 741 1039 817 jaan

129 815 345 894 agendisque
365 814 512 883 audiebat,
533 816 692 883 interesset,
713 829 814 874 amens
836 825 924 885 metu,
952 825 971 854 “
986 817 1041 874 Per

70 900 78 923 ·
130 907 147 934 “
164 914 218 970 ego
240 893 295 963 te,’'
317 890 417 984 inquit,
439 902 458 930 ‘⁴
477 893 526 961 lili,
551 910 749 970 quaecumque
767 896 832 970 jsrra
853 879 959 952 liberos
975 898 1040 971 jun·

131 982 236 1050 “gunt
262 971 428 1048 parentibus
455 989 556 1047 precor
582 989 756 1050 quaesoque,
784 989 821 1030 ne
847 981 916 1029 ante
942 972 1042 1030 oculos

130 1061 149 1090 “
163 1049 252 1128 patris
264 1049 358 1110 tacere
373 1061 402 1108 et
415 1050 475 1125 pati
489 1048 585 1106 omnia
603 1049 721 1106 infanda
733 1049 812 1107 selis.
853 1046 969 1106 Paucae
990 1049 1042 1106 bo-

132 1139 149 1168 “
164 1145 212 1186 rae
226 1140 303 1196 sunt,
317 1127 390 1184 intra
405 1143 484 1204 quas,
495 1130 625 1203 jurantes
639 1145 690 1204 por
703 1126 838 1206 quicquid
850 1126 968 1184 deorum
987 1137 1041 1194 est,

131 1217 150 1245 “
163 1207 282 1264 dextrae
308 1205 424 1262 dextras
455 1207 619 1281 jungentes,
647 1206 733 1264 iidem
764 1203 978 1272 obstrinximus,
1008 1219 1041 1262 ut

131 1294 148 1321 “
163 1295 289 1340 sacratas
312 1281 368 1339 ilde
391 1295 504 1352 manua,
528 1278 647 1358 digressi
675 1300 693 1339 a
720 1281 873 1359 colloquio,
894 1282 1042 1358 exteruplo

131 1371 149 1398 “
164 1362 192 1416 in
207 1379 273 1416 eum
287 1359 486 1416 strueremus?
528 1361 577 1418 Ab
600 1359 734 1436 hospitali
758 1375 859 1418 mensa
881 1360 984 1438 surgis,
1004 1361 1041 1418 ari

131 1449 150 1475 “
164 1455 249 1516 quam
264 1432 364 1494 tertius
379 1436 592 1514 Campanorum
613 1437 760 1496 adhibitus
778 1452 810 1495 es
830 1439 868 1494 ab
890 1433 1043 1496 Hanniba·

132 1527 150 1556 ‘⁴
164 1515 201 1584 le,
216 1526 249 1573 ut
262 1531 327 1573 earn
341 1514 432 1593 ipsunt
452 1531 582 1575 mensam
602 1526 767 1575 cruentares
788 1513 909 1591 hospitis
928 1516 1043 1590 sangui·

132 1603 151 1632 “
165 1593 225 1651 ne?
267 1593 463 1653 Hannibalern
474 1606 557 1672 pater
569 1596 629 1654 filio
642 1613 708 1654 meo
722 1593 804 1672 potui
815 1594 939 1670 placare,
953 1592 1043 1650 filiurn

132 1681 151 1709 “
166 1669 323 1738 Hannibali
338 1689 395 1730 non
410 1674 551 1752 possum?
591 1674 650 1730 Sed
664 1674 701 1729 sit
720 1672 790 1727 nibil
810 1671 913 1735 moeri,
933 1687 992 1728 non
1011 1673 1045 1727 ii·

133 1759 151 1788 “
166 1745 227 1820 des,
251 1765 309 1812 non
332 1751 439 1824 religio,
462 1767 519 1805 non
545 1743 657 1823 pietssr
684 1747 845 1802 audeantur
872 1745 997 1814 infanda,
1019 1749 1043 1804 si

133 1836 152 1864 “
166 1845 224 1884 non
238 1827 390 1903 perniciem
406 1823 488 1878 nobis
502 1839 567 1879 cunr
588 1822 697 1878 scelere
715 1821 847 1880 afferunt.
888 1821 972 1880 Unus
992 1839 1044 1900 ag-

134 1915 152 1942 “
165 1921 312 1979 gressurus
326 1919 358 1956 es
371 1896 588 1957 Hannibalern?
610 1898 678 1978 quid
699 1899 747 1958 illa
769 1899 855 1956 turba
876 1908 919 1956 tet
940 1895 1045 1960 libero·

133 1991 151 2018 “
165 1997 227 2034 rurn
248 1975 473 2050 servorumque?
494 1977 562 2052 quiri
582 1977 612 2034 in
635 1992 724 2036 unum
743 1977 846 2035 intenti
865 1977 993 2036 omniunt
1014 1995 1046 2038 ο-

133 2068 152 2096 “
166 2053 246 2113 culi?
265 2052 332 2128 quid
347 2063 391 2110 tot
404 2045 546 2114 dextrae?
566 2066 769 2134 torpescentne
783 2056 812 2114 ln
831 2055 957 2119 amentia
971 2057 1043 2116 ills?

134 2144 152 2171 ‘⁴
167 2131 285 2187 Vultum
320 2130 409 2208 ipsine
437 2125 618 2202 Hannibalis
653 2148 741 2212 quern
771 2133 873 2210 armati
901 2135 1046 2196 exercitus

133 2221 151 2250 ‘⁸
166 2205 307 2267 sustinere
330 2223 486 2287 nequeunt,
511 2229 595 2289 quern
618 2212 715 2270 lrorret
739 2210 862 2286 populus
884 2209 1044 2278 Romans,

134 2297 151 2325 “
165 2296 197 2343 tu
211 2287 390 2346 sustinebis?
409 2300 448 2357 et,
463 2289 519 2348 alla
536 2288 642 2346 auxilia
661 2289 764 2354 desint,
785 2287 927 2362 meipsum
949 2285 1044 2358 ferire,

134 2376 152 2402 “
167 2383 270 2442 corpus
297 2381 393 2422 meum
420 2377 614 2442 opponentem
638 2383 690 2442 qno
713 2379 834 2442 corpore
858 2359 1044 2436 Hannibalis,
1112 2435 1117 2444 Ι

135 2452 153 2480 “
168 2442 342 2501 sustinebis?
386 2443 477 2520 Atqui
503 2461 554 2522 per
581 2459 677 2502 meum
704 2455 807 2520 pectus
833 2441 978 2520 petendus
996 2439 1046 2501 ilie

36 2587 40 2594 ⁸
135 2532 153 2559 “
167 2521 229 2591 tibi,
249 2521 524 2600 transfigendusque,
545 2533 599 2580 est.
619 2519 756 2580 deterreri
775 2517 824 2579 hic
842 2521 903 2580 sine
922 2522 1046 2598 tapeti·

134 2608 153 2636 “
167 2619 210 2666 us,
228 2619 314 2677 quarn
335 2587 395 2660 illio‘
411 2600 495 2659 vinci.
535 2601 659 2660 Valeant
677 2614 780 2698 preces
801 2599 880 2678 apud
900 2610 931 2658 te
953 2615 1046 2669 meae,

135 2684 154 2712 ‘⁸
168 2675 242 2732 sicut
268 2699 321 2754 pro
348 2691 378 2737 te
404 2679 490 2738 hodie
517 2679 692 2738 valuerunt'
746 2671 960 2738 Lacrimantem
979 2678 1047 2738 inde

132 2754 267 2826 juvenem
294 2773 424 2824 cernens,
453 2757 578 2815 medium
600 2757 808 2833 complectitur,
832 2766 927 2832 atque,
948 2756 1049 2814 osculo

135 2827 265 2897 haerens,
290 2849 347 2886 non
369 2845 437 2889 ante
452 2835 594 2907 precibus
614 2833 732 2898 abstitit,
757 2849 843 2904 quarn
866 2829 1047 2905 porricitur

135 2903 262 2980 gladium
289 2917 417 2982 poneret,
440 2907 584 2983 iidemque
607 2904 697 2973 daret,
719 2904 789 2960 nihil
813 2905 956 2964 iactumnr
977 2909 1046 2968 tale.

137 2981 211 3038 Turn
234 2983 356 3059 juvenis,
385 2982 490 3058 “Ego
514 2981 656 3060 quidem,”
676 2981 776 3058 inquit,
799 2991 817 3020 ‘⁴
831 2999 916 3060 quarn
938 2985 1047 3061 patriae

137 3069 156 3097 “
169 3060 273 3130 debeo,
298 3061 435 3138 pietatem
460 3062 605 3119 exsolvam
629 3061 711 3138 patri.
735 3071 815 3118 tuam
839 3061 924 3120 doleo
943 3063 1047 3134 ricem,

138 3147 156 3174 “
171 3139 217 3194 oui
231 3150 276 3197 ter
296 3137 424 3218 proditae
444 3139 553 3216 patriae
577 3139 776 3200 sustinendum
795 3150 839 3200 est
857 3139 983 3200 crimen:
1005 3161 1049 3202 se·

137 3223 156 3252 ‘⁸
170 3217 238 3284 mel,
266 3237 353 3296 quum
375 3217 543 3276 defectionis
570 3219 606 3276 ab
633 3216 794 3285 Romanis3
823 3217 936 3287 iterurn,
960 3239 1047 3298 quunr

51 3364 59 3375 ι
136 3301 156 3328 “
171 3296 252 3368 pacis
266 3315 331 3355 cunr
347 3295 512 3354 Hannibale
525 3295 603 3354 fuisti
617 3305 735 3362 sueton
756 3296 840 3355 tertio
853 3295 948 3368 hodie,
960 3314 1047 3375 quum

138 3375 366 3434 “restituendae
394 3371 543 3431 Romanis*
560 3375 678 3451 Capuae
705 3389 786 3432 mora
818 3384 904 3452 atque
929 3375 1047 3454 impedi·

138 3449 302 3513 “mentum
327 3473 366 3514 es.
406 3452 461 3523 Tu,
486 3452 586 3530 patria,
610 3453 725 3524 serrum,
750 3471 806 3530 quo
828 3472 879 3530 pro
904 3464 933 3512 te
957 3467 1047 3510 arma·
