<?xml version="1.0" encoding="UTF-8"?>
<!DOCTYPE html PUBLIC "-//W3C//DTD XHTML 1.0 Transitional//EN"
    "http://www.w3.org/TR/xhtml1/DTD/xhtml1-transitional.dtd">
<html xmlns="http://www.w3.org/1999/xhtml" xml:lang="en" lang="en">
 <head>
  <title>
</title>
<meta http-equiv="Content-Type" content="text/html;charset=utf-8" />
  <meta name='ocr-system' content='tesseract 3.04.00' />
  <meta name='ocr-capabilities' content='ocr_page ocr_carea ocr_par ocr_line ocrx_word'/>
</head>
<body>
  <div class='ocr_page' id='page_1' title='image "./titiliviihistor03livigoog_0142.png"; bbox 0 0 2406 3932; ppageno 0'>
   <div class='ocr_carea' id='block_1_1' title="bbox 415 179 1015 254">
    <p class='ocr_par' dir='ltr' id='par_1_1' title="bbox 415 179 1015 254">
     <span class='ocr_line' id='line_1_1' title="bbox 415 179 1015 254; baseline 0.01 -8"><span class='ocrx_word' id='word_1_1' title='bbox 415 187 573 248; x_wconf 77' lang='lat' dir='ltr'><strong>Lissa</strong></span> <span class='ocrx_word' id='word_1_2' title='bbox 601 186 716 248; x_wconf 82' lang='lat' dir='ltr'><strong>xxiii.</strong></span> <span class='ocrx_word' id='word_1_3' title='bbox 938 179 944 187; x_wconf 86' lang='grc'><em>”</em></span> <span class='ocrx_word' id='word_1_4' title='bbox 965 197 1015 254; x_wconf 84' lang='lat' dir='ltr'><strong>iai</strong></span> 
     </span>
    </p>
   </div>
   <div class='ocr_carea' id='block_1_2' title="bbox 104 343 1060 2284">
    <p class='ocr_par' dir='ltr' id='par_1_2' title="bbox 140 343 1020 416">
     <span class='ocr_line' id='line_1_2' title="bbox 140 343 1020 416; baseline 0 -14"><span class='ocrx_word' id='word_1_5' title='bbox 140 344 214 402; x_wconf 81' lang='lat' dir='ltr'><strong>&#39;itas</strong></span> <span class='ocrx_word' id='word_1_6' title='bbox 242 343 399 404; x_wconf 76' lang='lat' dir='ltr'><strong>Hannibali</strong></span> <span class='ocrx_word' id='word_1_7' title='bbox 412 344 600 416; x_wconf 71' lang='lat' dir='ltr'><strong>aleriensem,</strong></span> <span class='ocrx_word' id='word_1_8' title='bbox 617 347 733 407; x_wconf 87' lang='lat' dir='ltr'><strong>&#39;Cumas</strong></span> <span class='ocrx_word' id='word_1_9' title='bbox 763 363 796 403; x_wconf 90' lang='lat' dir='ltr'><strong>se</strong></span> <span class='ocrx_word' id='word_1_10' title='bbox 828 343 1020 404; x_wconf 84' lang='lat' dir='ltr'><strong>contulerunt.</strong></span> 
     </span>
    </p>

    <p class='ocr_par' dir='ltr' id='par_1_3' title="bbox 104 422 1060 2284">
     <span class='ocr_line' id='line_1_3' title="bbox 151 422 1021 500; baseline 0 -20"><span class='ocrx_word' id='word_1_11' title='bbox 151 423 261 482; x_wconf 78' lang='lat' dir='ltr'><strong>neeriae</strong></span> <span class='ocrx_word' id='word_1_12' title='bbox 280 423 387 500; x_wconf 83' lang='lat' dir='ltr'><strong>praeda</strong></span> <span class='ocrx_word' id='word_1_13' title='bbox 406 422 487 480; x_wconf 91' lang='lat' dir='ltr'><strong>militi</strong></span> <span class='ocrx_word' id='word_1_14' title='bbox 506 424 575 482; x_wconf 87' lang='lat' dir='ltr'><strong>data</strong></span> <span class='ocrx_word' id='word_1_15' title='bbox 593 437 647 497; x_wconf 84' lang='lat' dir='ltr'><strong>est,</strong></span> <span class='ocrx_word' id='word_1_16' title='bbox 661 424 740 482; x_wconf 89' lang='lat' dir='ltr'><strong>urbis</strong></span> <span class='ocrx_word' id='word_1_17' title='bbox 754 423 866 498; x_wconf 89' lang='lat' dir='ltr'><strong>direpta</strong></span> <span class='ocrx_word' id='word_1_18' title='bbox 879 434 965 499; x_wconf 89' lang='lat' dir='ltr'><strong>atque</strong></span> <span class='ocrx_word' id='word_1_19' title='bbox 979 422 1021 480; x_wconf 91' lang='lat' dir='ltr'><strong>in·</strong></span> 
     </span>
     <span class='ocr_line' id='line_1_4' title="bbox 120 499 1020 576; baseline 0.001 -18"><span class='ocrx_word' id='word_1_20' title='bbox 120 517 213 558; x_wconf 87' lang='lat' dir='ltr'><strong>censa.</strong></span> <span class='ocrx_word' id='word_1_21' title='bbox 236 500 358 559; x_wconf 66' lang='lat' dir='ltr'><strong>vNolam</strong></span> <span class='ocrx_word' id='word_1_22' title='bbox 375 499 532 558; x_wconf 75' lang='lat' dir='ltr'>Marcellus</span> <span class='ocrx_word' id='word_1_23' title='bbox 552 521 610 558; x_wconf 89' lang='lat' dir='ltr'><strong>non</strong></span> <span class='ocrx_word' id='word_1_24' title='bbox 630 502 674 559; x_wconf 89' lang='lat' dir='ltr'><strong>sui</strong></span> <span class='ocrx_word' id='word_1_25' title='bbox 694 500 785 576; x_wconf 84' lang='lat' dir='ltr'><strong>magis</strong></span> <span class='ocrx_word' id='word_1_26' title='bbox 797 499 904 558; x_wconf 74' lang='lat' dir='ltr'><strong>fiducia</strong></span> <span class='ocrx_word' id='word_1_27' title='bbox 916 501 1020 576; x_wconf 85' lang='lat' dir='ltr'><strong>praesi-</strong></span> 
     </span>
     <span class='ocr_line' id='line_1_5' title="bbox 119 576 1022 656; baseline 0.006 -22"><span class='ocrx_word' id='word_1_28' title='bbox 119 576 166 644; x_wconf 92' lang='lat' dir='ltr'><strong>dii,</strong></span> <span class='ocrx_word' id='word_1_29' title='bbox 186 596 272 656; x_wconf 88' lang='lat' dir='ltr'><strong>quam</strong></span> <span class='ocrx_word' id='word_1_30' title='bbox 291 578 440 636; x_wconf 84' lang='lat' dir='ltr'><strong>voluntate</strong></span> <span class='ocrx_word' id='word_1_31' title='bbox 460 576 629 653; x_wconf 84' lang='lat' dir='ltr'>principum,</span> <span class='ocrx_word' id='word_1_32' title='bbox 649 579 793 650; x_wconf 82' lang='lat' dir='ltr'><strong>habebat.¹</strong></span> <span class='ocrx_word' id='word_1_33' title='bbox 812 578 912 656; x_wconf 87' lang='lat' dir='ltr'><strong>plebes</strong></span> <span class='ocrx_word' id='word_1_34' title='bbox 940 578 1022 638; x_wconf 88' lang='lat' dir='ltr'><strong>time·</strong></span> 
     </span>
     <span class='ocr_line' id='line_1_6' title="bbox 119 653 1022 732; baseline 0.002 -20"><span class='ocrx_word' id='word_1_35' title='bbox 119 655 211 725; x_wconf 87' lang='lat' dir='ltr'><strong>batur,</strong></span> <span class='ocrx_word' id='word_1_36' title='bbox 232 670 263 714; x_wconf 88' lang='lat' dir='ltr'><strong>et</strong></span> <span class='ocrx_word' id='word_1_37' title='bbox 282 666 351 714; x_wconf 87' lang='lat' dir='ltr'><strong>ante</strong></span> <span class='ocrx_word' id='word_1_38' title='bbox 370 673 470 712; x_wconf 88' lang='lat' dir='ltr'><strong>omnes</strong></span> <span class='ocrx_word' id='word_1_39' title='bbox 489 653 525 712; x_wconf 91' lang='lat' dir='ltr'><strong>L.</strong></span> <span class='ocrx_word' id='word_1_40' title='bbox 546 653 675 724; x_wconf 76' lang='lat' dir='ltr'>Bantius,</span> <span class='ocrx_word' id='word_1_41' title='bbox 696 673 781 732; x_wconf 88' lang='lat' dir='ltr'><strong>quem</strong></span> <span class='ocrx_word' id='word_1_42' title='bbox 802 675 958 715; x_wconf 71' lang='lat' dir='ltr'>consensus</span> <span class='ocrx_word' id='word_1_43' title='bbox 979 667 1022 714; x_wconf 88' lang='lat' dir='ltr'><strong>at·</strong></span> 
     </span>
     <span class='ocr_line' id='line_1_7' title="bbox 118 731 1021 811; baseline 0.006 -23"><span class='ocrx_word' id='word_1_44' title='bbox 118 743 246 811; x_wconf 84' lang='lat' dir='ltr'><strong>tentatae</strong></span> <span class='ocrx_word' id='word_1_45' title='bbox 259 731 442 800; x_wconf 84' lang='lat' dir='ltr'><strong>defectionis,¹</strong></span> <span class='ocrx_word' id='word_1_46' title='bbox 450 749 485 790; x_wconf 90' lang='lat' dir='ltr'><strong>ac</strong></span> <span class='ocrx_word' id='word_1_47' title='bbox 498 743 592 790; x_wconf 88' lang='lat' dir='ltr'><strong>metus</strong></span> <span class='ocrx_word' id='word_1_48' title='bbox 605 750 624 789; x_wconf 91' lang='lat' dir='ltr'><strong>a</strong></span> <span class='ocrx_word' id='word_1_49' title='bbox 637 745 766 808; x_wconf 88' lang='lat' dir='ltr'><strong>praetore</strong></span> <span class='ocrx_word' id='word_1_50' title='bbox 783 733 922 803; x_wconf 88' lang='lat' dir='ltr'><strong>Romano,</strong></span> <span class='ocrx_word' id='word_1_51' title='bbox 944 753 1021 794; x_wconf 87' lang='lat' dir='ltr'><strong>nunc</strong></span> 
     </span>
     <span class='ocr_line' id='line_1_8' title="bbox 118 809 1057 886; baseline 0.004 -20"><span class='ocrx_word' id='word_1_52' title='bbox 118 810 156 866; x_wconf 91' lang='lat' dir='ltr'><strong>ad</strong></span> <span class='ocrx_word' id='word_1_53' title='bbox 175 809 366 886; x_wconf 82' lang='lat' dir='ltr'><strong>proditionem</strong></span> <span class='ocrx_word' id='word_1_54' title='bbox 385 812 501 886; x_wconf 77' lang='lat' dir='ltr'><strong>patriae,</strong></span> <span class='ocrx_word' id='word_1_55' title='bbox 523 829 610 878; x_wconf 89' lang='lat' dir='ltr'><strong>nunc,</strong></span> <span class='ocrx_word' id='word_1_56' title='bbox 631 810 655 868; x_wconf 89' lang='lat' dir='ltr'><strong>si</strong></span> <span class='ocrx_word' id='word_1_57' title='bbox 674 810 711 868; x_wconf 86' lang='lat' dir='ltr'><strong>ad</strong></span> <span class='ocrx_word' id='word_1_58' title='bbox 730 810 760 867; x_wconf 94' lang='lat' dir='ltr'><strong>id</strong></span> <span class='ocrx_word' id='word_1_59' title='bbox 779 810 893 870; x_wconf 87' lang='lat' dir='ltr'><strong>fortuna</strong></span> <span class='ocrx_word' id='word_1_60' title='bbox 915 813 1021 872; x_wconf 77' lang='lat' dir='ltr'><strong>defuis·</strong></span> <span class='ocrx_word' id='word_1_61' title='bbox 1054 813 1057 820; x_wconf 88' lang='grc'><strong><em>’</em></strong></span> 
     </span>
     <span class='ocr_line' id='line_1_9' title="bbox 119 887 1020 964; baseline 0.004 -21"><span class='ocrx_word' id='word_1_62' title='bbox 119 897 173 955; x_wconf 85' lang='lat' dir='ltr'><strong>set,</strong></span> <span class='ocrx_word' id='word_1_63' title='bbox 194 887 232 943; x_wconf 90' lang='lat' dir='ltr'><strong>ad</strong></span> <span class='ocrx_word' id='word_1_64' title='bbox 252 887 496 964; x_wconf 77' lang='lat' dir='ltr'><strong>transfugiendum</strong></span> <span class='ocrx_word' id='word_1_65' title='bbox 515 887 691 946; x_wconf 84' lang='lat' dir='ltr'><strong>stimulabat.</strong></span> <span class='ocrx_word' id='word_1_66' title='bbox 731 888 802 946; x_wconf 86' lang='lat' dir='ltr'><strong>Erat</strong></span> <span class='ocrx_word' id='word_1_67' title='bbox 819 890 930 964; x_wconf 87' lang='lat' dir='ltr'><strong>juvenis</strong></span> <span class='ocrx_word' id='word_1_68' title='bbox 945 909 1020 960; x_wconf 76' lang='lat' dir='ltr'><strong>aoer,</strong></span> 
     </span>
     <span class='ocr_line' id='line_1_10' title="bbox 119 964 1021 1044; baseline 0.004 -22"><span class='ocrx_word' id='word_1_69' title='bbox 119 973 149 1022; x_wconf 87' lang='lat' dir='ltr'><strong>et</strong></span> <span class='ocrx_word' id='word_1_70' title='bbox 170 965 321 1024; x_wconf 83' lang='lat' dir='ltr'><strong>sociorum</strong></span> <span class='ocrx_word' id='word_1_71' title='bbox 351 966 387 1024; x_wconf 76' lang='lat' dir='ltr'><strong>eti</strong></span> <span class='ocrx_word' id='word_1_72' title='bbox 412 977 583 1042; x_wconf 80' lang='lat' dir='ltr'><strong>tempestate</strong></span> <span class='ocrx_word' id='word_1_73' title='bbox 607 983 697 1044; x_wconf 88' lang='lat' dir='ltr'><strong>prope</strong></span> <span class='ocrx_word' id='word_1_74' title='bbox 716 964 907 1024; x_wconf 78' lang='lat' dir='ltr'><strong>nobilissimus</strong></span> <span class='ocrx_word' id='word_1_75' title='bbox 927 985 1021 1042; x_wconf 84' lang='lat' dir='ltr'><strong>eques.</strong></span> 
     </span>
     <span class='ocr_line' id='line_1_11' title="bbox 120 1041 1024 1120; baseline 0.001 -20"><span class='ocrx_word' id='word_1_76' title='bbox 120 1041 299 1102; x_wconf 76' lang='lat' dir='ltr'><strong>seminecem</strong></span> <span class='ocrx_word' id='word_1_77' title='bbox 319 1062 386 1102; x_wconf 88' lang='lat' dir='ltr'><strong>eum</strong></span> <span class='ocrx_word' id='word_1_78' title='bbox 410 1043 454 1102; x_wconf 85' lang='lat' dir='ltr'><strong>ad.</strong></span> <span class='ocrx_word' id='word_1_79' title='bbox 469 1044 582 1102; x_wconf 87' lang='lat' dir='ltr'><strong>Cannas</strong></span> <span class='ocrx_word' id='word_1_80' title='bbox 602 1044 632 1101; x_wconf 93' lang='lat' dir='ltr'><strong>in</strong></span> <span class='ocrx_word' id='word_1_81' title='bbox 645 1063 747 1104; x_wconf 83' lang='lat' dir='ltr'><strong>acervo</strong></span> <span class='ocrx_word' id='word_1_82' title='bbox 761 1060 910 1102; x_wconf 89' lang='lat' dir='ltr'><strong>caesorum</strong></span> <span class='ocrx_word' id='word_1_83' title='bbox 925 1059 1024 1120; x_wconf 87' lang='lat' dir='ltr'><strong>corpo·</strong></span> 
     </span>
     <span class='ocr_line' id='line_1_12' title="bbox 119 1119 1025 1199; baseline 0.003 -24"><span class='ocrx_word' id='word_1_84' title='bbox 119 1139 181 1180; x_wconf 89' lang='lat' dir='ltr'><strong>rum</strong></span> <span class='ocrx_word' id='word_1_85' title='bbox 201 1120 358 1190; x_wconf 84' lang='lat' dir='ltr'><strong>inventum,</strong></span> <span class='ocrx_word' id='word_1_86' title='bbox 373 1132 567 1199; x_wconf 41' lang='lat' dir='ltr'><strong>,curatumque</strong></span> <span class='ocrx_word' id='word_1_87' title='bbox 593 1121 727 1198; x_wconf 84' lang='lat' dir='ltr'><strong>benigne,</strong></span> <span class='ocrx_word' id='word_1_88' title='bbox 748 1121 836 1180; x_wconf 85' lang='lat' dir='ltr'><strong>etiam</strong></span> <span class='ocrx_word' id='word_1_89' title='bbox 857 1138 923 1178; x_wconf 87' lang='lat' dir='ltr'><strong>cum</strong></span> <span class='ocrx_word' id='word_1_90' title='bbox 943 1119 1025 1178; x_wconf 86' lang='lat' dir='ltr'><strong>donis</strong></span> 
     </span>
     <span class='ocr_line' id='line_1_13' title="bbox 120 1197 1050 1276; baseline 0.004 -22"><span class='ocrx_word' id='word_1_91' title='bbox 120 1198 270 1256; x_wconf 83' lang='lat' dir='ltr'><strong>Hannibal</strong></span> <span class='ocrx_word' id='word_1_92' title='bbox 282 1199 400 1258; x_wconf 89' lang='lat' dir='ltr'><strong>domum</strong></span> <span class='ocrx_word' id='word_1_93' title='bbox 414 1199 571 1258; x_wconf 83' lang='lat' dir='ltr'><strong>remiserat.</strong></span> <span class='ocrx_word' id='word_1_94' title='bbox 584 1201 624 1258; x_wconf 93' lang='lat' dir='ltr'><strong>ob</strong></span> <span class='ocrx_word' id='word_1_95' title='bbox 637 1201 699 1276; x_wconf 81' lang='lat' dir='ltr'><strong>ejus</strong></span> <span class='ocrx_word' id='word_1_96' title='bbox 712 1199 833 1276; x_wconf 77' lang='lat' dir='ltr'><strong>gratiam</strong></span> <span class='ocrx_word' id='word_1_97' title='bbox 848 1197 999 1274; x_wconf 86' lang='lat' dir='ltr'><strong>meriti,.re</strong></span> <span class='ocrx_word' id='word_1_98' title='bbox 1045 1253 1050 1258; x_wconf 90' lang='lat'>.</span> 
     </span>
     <span class='ocr_line' id='line_1_14' title="bbox 121 1217 1052 1400; baseline 0.002 -68"><span class='ocrx_word' id='word_1_99' title='bbox 121 1273 264 1338; x_wconf 85' lang='lat' dir='ltr'><strong>Nolanam</strong></span> <span class='ocrx_word' id='word_1_100' title='bbox 277 1276 307 1333; x_wconf 89' lang='lat' dir='ltr'><strong>in</strong></span> <span class='ocrx_word' id='word_1_101' title='bbox 325 1279 371 1353; x_wconf 87' lang='lat' dir='ltr'><strong>jus</strong></span> <span class='ocrx_word' id='word_1_102' title='bbox 391 1276 586 1355; x_wconf 87' lang='lat' dir='ltr'><strong>ditionemque</strong></span> <span class='ocrx_word' id='word_1_103' title='bbox 605 1278 674 1338; x_wconf 84' lang='lat' dir='ltr'><strong>dare</strong></span> <span class='ocrx_word' id='word_1_104' title='bbox 694 1279 824 1336; x_wconf 89' lang='lat' dir='ltr'><strong>voluerat</strong></span> <span class='ocrx_word' id='word_1_105' title='bbox 837 1276 955 1342; x_wconf 91' lang='lat' dir='ltr'><strong>Poeno;</strong></span> <span class='ocrx_word' id='word_1_106' title='bbox 975 1217 1052 1400; x_wconf 37' lang='lat' dir='ltr'><strong>anu-N</strong></span> 
     </span>
     <span class='ocr_line' id='line_1_15' title="bbox 120 1352 1056 1430; baseline 0.004 -22"><span class='ocrx_word' id='word_1_107' title='bbox 120 1352 256 1430; x_wconf 78' lang='lat' dir='ltr'><strong>iilumque</strong></span> <span class='ocrx_word' id='word_1_108' title='bbox 277 1363 393 1412; x_wconf 78' lang='lat' dir='ltr'><strong>sumet</strong></span> <span class='ocrx_word' id='word_1_109' title='bbox 412 1355 564 1414; x_wconf 89' lang='lat' dir='ltr'><strong>sollicitum</strong></span> <span class='ocrx_word' id='word_1_110' title='bbox 586 1357 656 1415; x_wconf 76' lang='lat' dir='ltr'><strong>cura</strong></span> <span class='ocrx_word' id='word_1_111' title='bbox 685 1355 808 1414; x_wconf 87' lang='lat' dir='ltr'><strong>novandi</strong></span> <span class='ocrx_word' id='word_1_112' title='bbox 837 1373 884 1412; x_wconf 81' lang='lat' dir='ltr'><strong>res</strong></span> <span class='ocrx_word' id='word_1_113' title='bbox 912 1365 1025 1430; x_wconf 84' lang='lat' dir='ltr'><strong>praetor</strong></span> <span class='ocrx_word' id='word_1_114' title='bbox 1052 1401 1056 1418; x_wconf 78' lang='grc'><strong>.,</strong></span> 
     </span>
     <span class='ocr_line' id='line_1_16' title="bbox 121 1432 1024 1510; baseline 0 -20"><span class='ocrx_word' id='word_1_115' title='bbox 121 1433 267 1490; x_wconf 76' lang='lat' dir='ltr'><strong>cernebat.</strong></span> <span class='ocrx_word' id='word_1_116' title='bbox 307 1434 453 1502; x_wconf 85' lang='lat' dir='ltr'><strong>Ceterum,</strong></span> <span class='ocrx_word' id='word_1_117' title='bbox 467 1453 557 1510; x_wconf 87' lang='lat' dir='ltr'><strong>quum</strong></span> <span class='ocrx_word' id='word_1_118' title='bbox 571 1447 621 1491; x_wconf 89' lang='lat' dir='ltr'><strong>aut</strong></span> <span class='ocrx_word' id='word_1_119' title='bbox 634 1435 728 1510; x_wconf 77' lang='lat' dir='ltr'><strong>poena</strong></span> <span class='ocrx_word' id='word_1_120' title='bbox 741 1432 920 1491; x_wconf 90' lang='lat' dir='ltr'><strong>cohibendus</strong></span> <span class='ocrx_word' id='word_1_121' title='bbox 941 1442 1024 1501; x_wconf 87' lang='lat' dir='ltr'><strong>esset,</strong></span> 
     </span>
     <span class='ocr_line' id='line_1_17' title="bbox 121 1508 1025 1586; baseline 0 -20"><span class='ocrx_word' id='word_1_122' title='bbox 121 1517 173 1566; x_wconf 88' lang='lat' dir='ltr'><strong>aut</strong></span> <span class='ocrx_word' id='word_1_123' title='bbox 184 1508 325 1567; x_wconf 87' lang='lat' dir='ltr'><strong>beneficio</strong></span> <span class='ocrx_word' id='word_1_124' title='bbox 339 1509 544 1578; x_wconf 87' lang='lat' dir='ltr'><strong>conciliandus,</strong></span> <span class='ocrx_word' id='word_1_125' title='bbox 565 1511 620 1568; x_wconf 90' lang='lat' dir='ltr'><strong>sibi</strong></span> <span class='ocrx_word' id='word_1_126' title='bbox 640 1510 836 1586; x_wconf 81' lang='lat' dir='ltr'><strong>assumpsisse,</strong></span> <span class='ocrx_word' id='word_1_127' title='bbox 851 1526 937 1586; x_wconf 89' lang='lat' dir='ltr'><strong>quam</strong></span> <span class='ocrx_word' id='word_1_128' title='bbox 950 1509 1025 1566; x_wconf 88' lang='lat' dir='ltr'><strong>hosti</strong></span> 
     </span>
     <span class='ocr_line' id='line_1_18' title="bbox 121 1585 1025 1656; baseline 0.002 -14"><span class='ocrx_word' id='word_1_129' title='bbox 121 1585 272 1655; x_wconf 84' lang='lat' dir='ltr'><strong>ademisse,</strong></span> <span class='ocrx_word' id='word_1_130' title='bbox 286 1585 389 1644; x_wconf 86' lang='lat' dir='ltr'><strong>fortem</strong></span> <span class='ocrx_word' id='word_1_131' title='bbox 403 1603 438 1643; x_wconf 91' lang='lat' dir='ltr'><strong>ac</strong></span> <span class='ocrx_word' id='word_1_132' title='bbox 457 1597 604 1644; x_wconf 87' lang='lat' dir='ltr'><strong>strenuum</strong></span> <span class='ocrx_word' id='word_1_133' title='bbox 624 1587 725 1646; x_wconf 88' lang='lat' dir='ltr'><strong>maluit</strong></span> <span class='ocrx_word' id='word_1_134' title='bbox 748 1589 867 1656; x_wconf 87' lang='lat' dir='ltr'><strong>socium,</strong></span> <span class='ocrx_word' id='word_1_135' title='bbox 888 1586 1025 1646; x_wconf 83' lang='lat' dir='ltr'><strong>accitum·</strong></span> 
     </span>
     <span class='ocr_line' id='line_1_19' title="bbox 121 1663 1026 1740; baseline 0.003 -21"><span class='ocrx_word' id='word_1_136' title='bbox 121 1681 178 1738; x_wconf 87' lang='lat' dir='ltr'><strong>que</strong></span> <span class='ocrx_word' id='word_1_137' title='bbox 198 1663 235 1720; x_wconf 84' lang='lat' dir='ltr'><strong>ad</strong></span> <span class='ocrx_word' id='word_1_138' title='bbox 255 1663 431 1739; x_wconf 81' lang='lat' dir='ltr'><strong>sebenigne</strong></span> <span class='ocrx_word' id='word_1_139' title='bbox 451 1664 595 1740; x_wconf 84' lang='lat' dir='ltr'><strong>appellat:</strong></span> <span class='ocrx_word' id='word_1_140' title='bbox 616 1665 729 1723; x_wconf 87' lang='lat' dir='ltr'><strong>Multos</strong></span> <span class='ocrx_word' id='word_1_141' title='bbox 748 1683 816 1724; x_wconf 89' lang='lat' dir='ltr'><strong>eum</strong></span> <span class='ocrx_word' id='word_1_142' title='bbox 827 1664 938 1722; x_wconf 86' lang='lat' dir='ltr'><strong>invidos</strong></span> <span class='ocrx_word' id='word_1_143' title='bbox 952 1664 1026 1722; x_wconf 85' lang='lat' dir='ltr'><strong>inter</strong></span> 
     </span>
     <span class='ocr_line' id='line_1_20' title="bbox 120 1740 1027 1819; baseline 0.002 -21"><span class='ocrx_word' id='word_1_144' title='bbox 120 1740 272 1817; x_wconf 85' lang='lat' dir='ltr'><strong>populares</strong></span> <span class='ocrx_word' id='word_1_145' title='bbox 292 1741 410 1810; x_wconf 86' lang='lat' dir='ltr'><strong>habere,</strong></span> <span class='ocrx_word' id='word_1_146' title='bbox 428 1741 497 1800; x_wconf 88' lang='lat' dir='ltr'><strong>ind&#39;e</strong></span> <span class='ocrx_word' id='word_1_147' title='bbox 517 1742 688 1800; x_wconf 87' lang='lat' dir='ltr'><strong>existimatu</strong></span> <span class='ocrx_word' id='word_1_148' title='bbox 701 1742 785 1801; x_wconf 86' lang='lat' dir='ltr'><strong>facile</strong></span> <span class='ocrx_word' id='word_1_149' title='bbox 800 1761 872 1811; x_wconf 85' lang='lat' dir='ltr'><strong>csse,</strong></span> <span class='ocrx_word' id='word_1_150' title='bbox 887 1741 965 1819; x_wconf 91' lang='lat' dir='ltr'><strong>quod</strong></span> <span class='ocrx_word' id='word_1_151' title='bbox 978 1759 1027 1800; x_wconf 89' lang='lat' dir='ltr'><strong>ne·</strong></span> 
     </span>
     <span class='ocr_line' id='line_1_21' title="bbox 121 1819 1029 1898; baseline 0.004 -24"><span class='ocrx_word' id='word_1_152' title='bbox 121 1837 169 1875; x_wconf 89' lang='lat' dir='ltr'><strong>mo</strong></span> <span class='ocrx_word' id='word_1_153' title='bbox 191 1819 259 1876; x_wconf 86' lang='lat' dir='ltr'><strong>civis</strong></span> <span class='ocrx_word' id='word_1_154' title='bbox 280 1819 409 1878; x_wconf 86' lang='lat' dir='ltr'><strong>Nolanus</strong></span> <span class='ocrx_word' id='word_1_155' title='bbox 429 1819 483 1878; x_wconf 89' lang='lat' dir='ltr'><strong>sibi</strong></span> <span class='ocrx_word' id='word_1_156' title='bbox 503 1819 678 1889; x_wconf 85' lang='lat' dir='ltr'><strong>indicaverit,</strong></span> <span class='ocrx_word' id='word_1_157' title='bbox 698 1838 785 1898; x_wconf 89' lang='lat' dir='ltr'><strong>quam</strong></span> <span class='ocrx_word' id='word_1_158' title='bbox 805 1821 895 1878; x_wconf 85' lang='lat' dir='ltr'><strong>multa</strong></span> <span class='ocrx_word' id='word_1_159' title='bbox 914 1821 976 1896; x_wconf 86' lang='lat' dir='ltr'><strong>ejus</strong></span> <span class='ocrx_word' id='word_1_160' title='bbox 998 1839 1029 1878; x_wconf 89' lang='lat' dir='ltr'><strong>e·</strong></span> 
     </span>
     <span class='ocr_line' id='line_1_22' title="bbox 120 1895 1048 1974; baseline 0 -20"><span class='ocrx_word' id='word_1_161' title='bbox 120 1896 220 1971; x_wconf 85' lang='lat' dir='ltr'><strong>gregia</strong></span> <span class='ocrx_word' id='word_1_162' title='bbox 238 1895 364 1954; x_wconf 85' lang='lat' dir='ltr'><strong>facinora</strong></span> <span class='ocrx_word' id='word_1_163' title='bbox 383 1896 638 1956; x_wconf 63' lang='lat' dir='ltr'><strong>ministrassent</strong></span> <span class='ocrx_word' id='word_1_164' title='bbox 680 1899 747 1966; x_wconf 85' lang='lat' dir='ltr'><strong>Sed,</strong></span> <span class='ocrx_word' id='word_1_165' title='bbox 769 1899 816 1974; x_wconf 91' lang='lat' dir='ltr'><strong>qni</strong></span> <span class='ocrx_word' id='word_1_166' title='bbox 836 1898 866 1955; x_wconf 90' lang='lat' dir='ltr'><strong>in</strong></span> <span class='ocrx_word' id='word_1_167' title='bbox 887 1897 1048 1957; x_wconf 82' lang='lat' dir='ltr'><strong>Romanis·</strong></span> 
     </span>
     <span class='ocr_line' id='line_1_23' title="bbox 104 1972 1025 2052; baseline 0.002 -22"><span class='ocrx_word' id='word_1_168' title='bbox 104 1972 284 2030; x_wconf 69' lang='lat' dir='ltr'><strong>vmilitaverit</strong></span> <span class='ocrx_word' id='word_1_169' title='bbox 304 1975 412 2044; x_wconf 86' lang='lat' dir='ltr'><strong>castris,</strong></span> <span class='ocrx_word' id='word_1_170' title='bbox 433 1993 491 2032; x_wconf 90' lang='lat' dir='ltr'><strong>non</strong></span> <span class='ocrx_word' id='word_1_171' title='bbox 511 1994 605 2050; x_wconf 84' lang='lat' dir='ltr'><strong>··posse</strong></span> <span class='ocrx_word' id='word_1_172' title='bbox 635 1975 786 2033; x_wconf 86' lang='lat' dir='ltr'><strong>obscuram</strong></span> <span class='ocrx_word' id='word_1_173' title='bbox 810 1978 871 2052; x_wconf 86' lang='lat' dir='ltr'><strong>ejus</strong></span> <span class='ocrx_word' id='word_1_174' title='bbox 891 1975 1025 2041; x_wconf 78' lang='lat' dir='ltr'><strong>virtutem</strong></span> 
     </span>
     <span class='ocr_line' id='line_1_24' title="bbox 122 2049 1026 2128; baseline 0.002 -20"><span class='ocrx_word' id='word_1_175' title='bbox 122 2069 195 2108; x_wconf 87' lang='lat' dir='ltr'><strong>esse.</strong></span> <span class='ocrx_word' id='word_1_176' title='bbox 207 2049 314 2108; x_wconf 92' lang='lat' dir='ltr'><strong>multos</strong></span> <span class='ocrx_word' id='word_1_177' title='bbox 335 2051 400 2120; x_wconf 88' lang='lat' dir='ltr'><strong>sibi,</strong></span> <span class='ocrx_word' id='word_1_178' title='bbox 413 2051 463 2127; x_wconf 93' lang='lat' dir='ltr'><strong>qui</strong></span> <span class='ocrx_word' id='word_1_179' title='bbox 483 2069 550 2108; x_wconf 88' lang='lat' dir='ltr'><strong>cnm</strong></span> <span class='ocrx_word' id='word_1_180' title='bbox 572 2070 607 2110; x_wconf 89' lang='lat' dir='ltr'><strong>ec</strong></span> <span class='ocrx_word' id='word_1_181' title='bbox 630 2051 772 2128; x_wconf 87' lang='lat' dir='ltr'><strong>stipendia</strong></span> <span class='ocrx_word' id='word_1_182' title='bbox 788 2053 919 2122; x_wconf 84' lang='lat' dir='ltr'><strong>fecerint,</strong></span> <span class='ocrx_word' id='word_1_183' title='bbox 940 2052 1026 2112; x_wconf 84' lang='lat' dir='ltr'><strong>refer·</strong></span> 
     </span>
     <span class='ocr_line' id='line_1_25' title="bbox 122 2127 1060 2206; baseline 0.003 -20"><span class='ocrx_word' id='word_1_184' title='bbox 122 2147 164 2201; x_wconf 78' lang='lat' dir='ltr'><strong>re,</strong></span> <span class='ocrx_word' id='word_1_185' title='bbox 185 2127 233 2205; x_wconf 91' lang='lat' dir='ltr'><strong>qui</strong></span> <span class='ocrx_word' id='word_1_186' title='bbox 253 2127 295 2185; x_wconf 88' lang='lat' dir='ltr'><strong>vir</strong></span> <span class='ocrx_word' id='word_1_187' title='bbox 314 2138 389 2186; x_wconf 87' lang='lat' dir='ltr'><strong>esset</strong></span> <span class='ocrx_word' id='word_1_188' title='bbox 409 2129 465 2197; x_wconf 87' lang='lat' dir='ltr'><strong>ille,</strong></span> <span class='ocrx_word' id='word_1_189' title='bbox 485 2147 616 2206; x_wconf 88' lang='lat' dir='ltr'><strong>quaeque</strong></span> <span class='ocrx_word' id='word_1_190' title='bbox 636 2140 667 2188; x_wconf 91' lang='lat' dir='ltr'><strong>et</strong></span> <span class='ocrx_word' id='word_1_191' title='bbox 686 2129 796 2205; x_wconf 80' lang='lat' dir='ltr'><strong>quoties</strong></span> <span class='ocrx_word' id='word_1_192' title='bbox 822 2131 949 2206; x_wconf 86' lang='lat' dir='ltr'><strong>pericula</strong></span> <span class='ocrx_word' id='word_1_193' title='bbox 975 2149 1026 2206; x_wconf 89' lang='lat' dir='ltr'><strong>pro</strong></span> <span class='ocrx_word' id='word_1_194' title='bbox 1051 2165 1060 2175; x_wconf 85' lang='lat'><strong>-·</strong></span> 
     </span>
     <span class='ocr_line' id='line_1_26' title="bbox 122 2205 1027 2284; baseline 0.002 -21"><span class='ocrx_word' id='word_1_195' title='bbox 122 2206 215 2266; x_wconf 88' lang='lat' dir='ltr'><strong>salute</strong></span> <span class='ocrx_word' id='word_1_196' title='bbox 235 2225 270 2264; x_wconf 90' lang='lat' dir='ltr'><strong>ac</strong></span> <span class='ocrx_word' id='word_1_197' title='bbox 289 2205 430 2282; x_wconf 85' lang='lat' dir='ltr'><strong>dignitate</strong></span> <span class='ocrx_word' id='word_1_198' title='bbox 441 2206 540 2284; x_wconf 89' lang='lat' dir='ltr'><strong>populi</strong></span> <span class='ocrx_word' id='word_1_199' title='bbox 556 2206 678 2266; x_wconf 88' lang='lat' dir='ltr'><strong>Romani</strong></span> <span class='ocrx_word' id='word_1_200' title='bbox 691 2206 817 2280; x_wconf 79' lang='lat' dir='ltr'><strong>adisset:</strong></span> <span class='ocrx_word' id='word_1_201' title='bbox 839 2207 937 2282; x_wconf 87' lang='lat' dir='ltr'><strong>utique</strong></span> <span class='ocrx_word' id='word_1_202' title='bbox 951 2207 1027 2266; x_wconf 89' lang='lat' dir='ltr'><strong>Can·</strong></span> 
     </span>
    </p>
   </div>
   <div class='ocr_carea' id='block_1_3' title="bbox 19 2284 1027 2376">
    <p class='ocr_par' dir='ltr' id='par_1_4' title="bbox 19 2284 1027 2376">
     <span class='ocr_line' id='line_1_27' title="bbox 19 2284 1027 2376; baseline -0.002 -32"><span class='ocrx_word' id='word_1_203' title='bbox 19 2315 24 2335; x_wconf 73' lang='grc' dir='ltr'><strong>ι</strong></span> <span class='ocrx_word' id='word_1_204' title='bbox 121 2285 206 2344; x_wconf 85' lang='lat' dir='ltr'><strong>riensi</strong></span> <span class='ocrx_word' id='word_1_205' title='bbox 224 2285 331 2374; x_wconf 79' lang='lat' dir='ltr'><strong>proelio</strong></span> <span class='ocrx_word' id='word_1_206' title='bbox 351 2303 410 2343; x_wconf 90' lang='lat' dir='ltr'><strong>non</strong></span> <span class='ocrx_word' id='word_1_207' title='bbox 433 2285 510 2376; x_wconf 73' lang='lat' dir='ltr'><strong>prius</strong></span> <span class='ocrx_word' id='word_1_208' title='bbox 536 2287 635 2376; x_wconf 62' lang='lat' dir='ltr'><strong>pugnis</strong></span> <span class='ocrx_word' id='word_1_209' title='bbox 660 2284 811 2354; x_wconf 82' lang='lat' dir='ltr'><strong>abstiterit,</strong></span> <span class='ocrx_word' id='word_1_210' title='bbox 832 2302 919 2362; x_wconf 88' lang='lat' dir='ltr'><strong>quam</strong></span> <span class='ocrx_word' id='word_1_211' title='bbox 937 2303 1027 2363; x_wconf 88' lang='lat' dir='ltr'><strong>prope</strong></span> 
     </span>
    </p>
   </div>
   <div class='ocr_carea' id='block_1_4' title="bbox 123 2363 1030 2761">
    <p class='ocr_par' dir='ltr' id='par_1_5' title="bbox 123 2363 1030 2761">
     <span class='ocr_line' id='line_1_28' title="bbox 123 2363 1028 2439; baseline -0.002 -17"><span class='ocrx_word' id='word_1_212' title='bbox 123 2379 276 2438; x_wconf 80' lang='lat' dir='ltr'><strong>exsanguis</strong></span> <span class='ocrx_word' id='word_1_213' title='bbox 305 2363 388 2421; x_wconf 68' lang='lat' dir='ltr'><strong>risina</strong></span> <span class='ocrx_word' id='word_1_214' title='bbox 407 2363 687 2439; x_wconf 75' lang='lat' dir='ltr'><strong>superincidentium</strong></span> <span class='ocrx_word' id='word_1_215' title='bbox 716 2363 848 2432; x_wconf 87' lang='lat' dir='ltr'><strong>virorum,</strong></span> <span class='ocrx_word' id='word_1_216' title='bbox 880 2379 1028 2439; x_wconf 87' lang='lat' dir='ltr'><strong>equorum,</strong></span> 
     </span>
     <span class='ocr_line' id='line_1_29' title="bbox 124 2438 1028 2518; baseline -0.008 -18"><span class='ocrx_word' id='word_1_217' title='bbox 124 2458 335 2516; x_wconf 81' lang='lat' dir='ltr'><strong>armorumque,</strong></span> <span class='ocrx_word' id='word_1_218' title='bbox 348 2439 384 2498; x_wconf 89' lang='lat' dir='ltr'><strong>sit</strong></span> <span class='ocrx_word' id='word_1_219' title='bbox 397 2459 559 2517; x_wconf 84' lang='lat' dir='ltr'><strong>oppressus.</strong></span> <span class='ocrx_word' id='word_1_220' title='bbox 579 2450 598 2481; x_wconf 88' lang='lat'>“</span> <span class='ocrx_word' id='word_1_221' title='bbox 609 2441 712 2518; x_wconf 88' lang='lat' dir='ltr'><strong>Itaque</strong></span> <span class='ocrx_word' id='word_1_222' title='bbox 720 2445 814 2498; x_wconf 85' lang='lat' dir='ltr'><strong>macte</strong></span> <span class='ocrx_word' id='word_1_223' title='bbox 824 2441 929 2498; x_wconf 86' lang='lat' dir='ltr'><strong>virtute</strong></span> <span class='ocrx_word' id='word_1_224' title='bbox 939 2438 1028 2506; x_wconf 89' lang='lat' dir='ltr'><strong>esto,”</strong></span> 
     </span>
     <span class='ocr_line' id='line_1_30' title="bbox 123 2517 1030 2595; baseline -0.004 -17"><span class='ocrx_word' id='word_1_225' title='bbox 123 2518 224 2594; x_wconf 86' lang='lat' dir='ltr'><strong>inquit.</strong></span> <span class='ocrx_word' id='word_1_226' title='bbox 246 2517 356 2595; x_wconf 88' lang='lat' dir='ltr'><strong>“apud</strong></span> <span class='ocrx_word' id='word_1_227' title='bbox 375 2536 422 2575; x_wconf 90' lang='lat' dir='ltr'><strong>me</strong></span> <span class='ocrx_word' id='word_1_228' title='bbox 442 2517 494 2576; x_wconf 85' lang='lat' dir='ltr'><strong>tibi</strong></span> <span class='ocrx_word' id='word_1_229' title='bbox 514 2519 610 2576; x_wconf 89' lang='lat' dir='ltr'><strong>omnis</strong></span> <span class='ocrx_word' id='word_1_230' title='bbox 624 2519 717 2576; x_wconf 86' lang='lat' dir='ltr'><strong>honos</strong></span> <span class='ocrx_word' id='word_1_231' title='bbox 736 2529 823 2594; x_wconf 87' lang='lat' dir='ltr'><strong>atque</strong></span> <span class='ocrx_word' id='word_1_232' title='bbox 844 2532 930 2573; x_wconf 88' lang='lat' dir='ltr'><strong>omne</strong></span> <span class='ocrx_word' id='word_1_233' title='bbox 948 2532 1030 2590; x_wconf 84' lang='lat' dir='ltr'><strong>prae-</strong></span> 
     </span>
     <span class='ocr_line' id='line_1_31' title="bbox 123 2592 1030 2672; baseline -0.002 -17"><span class='ocrx_word' id='word_1_234' title='bbox 123 2597 219 2655; x_wconf 82' lang='lat' dir='ltr'><strong>mium</strong></span> <span class='ocrx_word' id='word_1_235' title='bbox 236 2596 311 2652; x_wconf 84' lang='lat' dir='ltr'><strong>erit:</strong></span> <span class='ocrx_word' id='word_1_236' title='bbox 328 2604 380 2662; x_wconf 80' lang='lat' dir='ltr'><strong>et,</strong></span> <span class='ocrx_word' id='word_1_237' title='bbox 405 2609 460 2670; x_wconf 90' lang='lat' dir='ltr'><strong>qno</strong></span> <span class='ocrx_word' id='word_1_238' title='bbox 479 2595 654 2672; x_wconf 78' lang='lat' dir='ltr'><strong>frequentior</strong></span> <span class='ocrx_word' id='word_1_239' title='bbox 673 2613 789 2668; x_wconf 84' lang='lat' dir='ltr'><strong>meeum</strong></span> <span class='ocrx_word' id='word_1_240' title='bbox 807 2592 904 2662; x_wconf 83' lang='lat' dir='ltr'><strong>fueris,</strong></span> <span class='ocrx_word' id='word_1_241' title='bbox 924 2593 1030 2654; x_wconf 80' lang='lat' dir='ltr'><strong>sentiet</strong></span> 
     </span>
     <span class='ocr_line' id='line_1_32' title="bbox 123 2668 1030 2761; baseline 0.001 -31"><span class='ocrx_word' id='word_1_242' title='bbox 123 2693 190 2738; x_wconf 80' lang='lat' dir='ltr'><strong>eam</strong></span> <span class='ocrx_word' id='word_1_243' title='bbox 210 2691 272 2730; x_wconf 86' lang='lat' dir='ltr'><strong>rem</strong></span> <span class='ocrx_word' id='word_1_244' title='bbox 291 2671 343 2730; x_wconf 90' lang='lat' dir='ltr'><strong>tibi</strong></span> <span class='ocrx_word' id='word_1_245' title='bbox 363 2671 496 2761; x_wconf 78' lang='lat' dir='ltr'><strong>dignitati</strong></span> <span class='ocrx_word' id='word_1_246' title='bbox 514 2683 600 2748; x_wconf 89' lang='lat' dir='ltr'><strong>atque</strong></span> <span class='ocrx_word' id='word_1_247' title='bbox 619 2670 813 2730; x_wconf 88' lang='lat' dir='ltr'><strong>emolumento</strong></span> <span class='ocrx_word' id='word_1_248' title='bbox 833 2668 921 2730; x_wconf 58' lang='lat' dir='ltr'><strong>esse?</strong></span> <span class='ocrx_word' id='word_1_249' title='bbox 941 2671 1030 2731; x_wconf 78' lang='lat' dir='ltr'><strong>laeto·</strong></span> 
     </span>
    </p>
   </div>
   <div class='ocr_carea' id='block_1_5' title="bbox 13 2748 1031 2841">
    <p class='ocr_par' dir='ltr' id='par_1_6' title="bbox 13 2748 1031 2841">
     <span class='ocr_line' id='line_1_33' title="bbox 13 2748 1031 2841; baseline -0.007 -28"><span class='ocrx_word' id='word_1_250' title='bbox 13 2779 14 2784; x_wconf 45' lang='lat'>¹</span> <span class='ocrx_word' id='word_1_251' title='bbox 124 2774 181 2832; x_wconf 87' lang='lat' dir='ltr'><strong>que</strong></span> <span class='ocrx_word' id='word_1_252' title='bbox 198 2749 296 2841; x_wconf 74' lang='lat' dir='ltr'><strong>juveni</strong></span> <span class='ocrx_word' id='word_1_253' title='bbox 316 2749 461 2828; x_wconf 85' lang='lat' dir='ltr'><strong>promissis</strong></span> <span class='ocrx_word' id='word_1_254' title='bbox 481 2767 586 2827; x_wconf 88' lang='lat' dir='ltr'><strong>equum</strong></span> <span class='ocrx_word' id='word_1_255' title='bbox 606 2748 742 2808; x_wconf 85' lang='lat' dir='ltr'><strong>eximium</strong></span> <span class='ocrx_word' id='word_1_256' title='bbox 765 2749 842 2808; x_wconf 86' lang='lat' dir='ltr'><strong>dono</strong></span> <span class='ocrx_word' id='word_1_257' title='bbox 864 2749 923 2820; x_wconf 89' lang='lat' dir='ltr'><strong>dat,</strong></span> <span class='ocrx_word' id='word_1_258' title='bbox 951 2751 1031 2828; x_wconf 73' lang='lat' dir='ltr'><strong>biga.</strong></span> 
     </span>
    </p>
   </div>
   <div class='ocr_carea' id='block_1_6' title="bbox 124 2828 1031 2998">
    <p class='ocr_par' dir='ltr' id='par_1_7' title="bbox 124 2828 1031 2998">
     <span class='ocr_line' id='line_1_34' title="bbox 124 2828 1031 2910; baseline -0.01 -19"><span class='ocrx_word' id='word_1_259' title='bbox 124 2845 226 2910; x_wconf 78' lang='lat' dir='ltr'><strong>totque</strong></span> <span class='ocrx_word' id='word_1_260' title='bbox 247 2839 616 2907; x_wconf 81' lang='lat' dir='ltr'><strong>quingentosquaestorem</strong></span> <span class='ocrx_word' id='word_1_261' title='bbox 636 2845 786 2886; x_wconf 85' lang='lat' dir='ltr'><strong>numerare</strong></span> <span class='ocrx_word' id='word_1_262' title='bbox 795 2828 887 2904; x_wconf 70' lang='lat' dir='ltr'><strong>jubet</strong></span> <span class='ocrx_word' id='word_1_263' title='bbox 925 2829 1031 2888; x_wconf 73' lang='lat' dir='ltr'><strong>lictori.</strong></span> 
     </span>
     <span class='ocr_line' id='line_1_35' title="bbox 126 2905 1026 2998; baseline -0.01 -30"><span class='ocrx_word' id='word_1_264' title='bbox 126 2912 181 2968; x_wconf 88' lang='lat' dir='ltr'><strong>bus</strong></span> <span class='ocrx_word' id='word_1_265' title='bbox 194 2911 324 2986; x_wconf 84' lang='lat' dir='ltr'><strong>imperat,</strong></span> <span class='ocrx_word' id='word_1_266' title='bbox 338 2919 372 2967; x_wconf 86' lang='lat' dir='ltr'><strong>ut</strong></span> <span class='ocrx_word' id='word_1_267' title='bbox 385 2926 451 2968; x_wconf 88' lang='lat' dir='ltr'><strong>eum</strong></span> <span class='ocrx_word' id='word_1_268' title='bbox 465 2925 497 2966; x_wconf 89' lang='lat' dir='ltr'><strong>se</strong></span> <span class='ocrx_word' id='word_1_269' title='bbox 509 2906 598 2976; x_wconf 90' lang='lat' dir='ltr'><strong>adire,</strong></span> <span class='ocrx_word' id='word_1_270' title='bbox 612 2905 724 2984; x_wconf 88' lang='lat' dir='ltr'><strong>quoties</strong></span> <span class='ocrx_word' id='word_1_271' title='bbox 737 2906 815 2974; x_wconf 86' lang='lat' dir='ltr'><strong>velit,</strong></span> <span class='ocrx_word' id='word_1_272' title='bbox 828 2906 981 2998; x_wconf 77' lang='lat' dir='ltr'><strong>patiantur.</strong></span> <span class='ocrx_word' id='word_1_273' title='bbox 1023 2951 1026 2959; x_wconf 90' lang='lat'><em>.</em></span> 
     </span>
    </p>
   </div>
   <div class='ocr_carea' id='block_1_7' title="bbox 13 2983 1031 3061">
    <p class='ocr_par' dir='ltr' id='par_1_8' title="bbox 13 2983 1031 3061">
     <span class='ocr_line' id='line_1_36' title="bbox 13 2983 1031 3061; baseline -0.001 -18"><span class='ocrx_word' id='word_1_274' title='bbox 13 2983 15 3004; x_wconf 71' lang='lat'><em>²</em></span> <span class='ocrx_word' id='word_1_275' title='bbox 104 3023 110 3038; x_wconf 60' lang='grc' dir='ltr'><em>ι</em></span> <span class='ocrx_word' id='word_1_276' title='bbox 166 2987 247 3058; x_wconf 83' lang='lat' dir='ltr'>XVI.</span> <span class='ocrx_word' id='word_1_277' title='bbox 287 2987 361 3046; x_wconf 83' lang='lat' dir='ltr'><strong>Hac</strong></span> <span class='ocrx_word' id='word_1_278' title='bbox 381 2985 516 3045; x_wconf 85' lang='lat' dir='ltr'><strong>comitate</strong></span> <span class='ocrx_word' id='word_1_279' title='bbox 536 2984 671 3043; x_wconf 88' lang='lat' dir='ltr'><strong>Marcelli</strong></span> <span class='ocrx_word' id='word_1_280' title='bbox 682 2984 785 3048; x_wconf 87' lang='lat' dir='ltr'><strong>ferocis</strong></span> <span class='ocrx_word' id='word_1_281' title='bbox 794 2986 909 3061; x_wconf 79' lang='lat' dir='ltr'><strong>juvenis</strong></span> <span class='ocrx_word' id='word_1_282' title='bbox 920 2986 1031 3044; x_wconf 75' lang='lat' dir='ltr'><strong>animus</strong></span> 
     </span>
    </p>
   </div>
   <div class='ocr_carea' id='block_1_8' title="bbox 107 3061 1032 3530">
    <p class='ocr_par' dir='ltr' id='par_1_9' title="bbox 107 3061 1032 3530">
     <span class='ocr_line' id='line_1_37' title="bbox 123 3061 1031 3132; baseline -0.004 -8"><span class='ocrx_word' id='word_1_283' title='bbox 123 3067 201 3124; x_wconf 89' lang='lat' dir='ltr'><strong>adeo</strong></span> <span class='ocrx_word' id='word_1_284' title='bbox 214 3075 259 3124; x_wconf 84' lang='lat' dir='ltr'><strong>eat</strong></span> <span class='ocrx_word' id='word_1_285' title='bbox 271 3063 407 3132; x_wconf 87' lang='lat' dir='ltr'><strong>mollitus,</strong></span> <span class='ocrx_word' id='word_1_286' title='bbox 421 3073 454 3122; x_wconf 89' lang='lat' dir='ltr'><strong>ut</strong></span> <span class='ocrx_word' id='word_1_287' title='bbox 465 3081 553 3122; x_wconf 85' lang='lat' dir='ltr'><strong>nemo</strong></span> <span class='ocrx_word' id='word_1_288' title='bbox 564 3063 632 3122; x_wconf 86' lang='lat' dir='ltr'><strong>inde</strong></span> <span class='ocrx_word' id='word_1_289' title='bbox 645 3061 786 3126; x_wconf 84' lang='lat' dir='ltr'><strong>sociorum</strong></span> <span class='ocrx_word' id='word_1_290' title='bbox 799 3081 861 3121; x_wconf 88' lang='lat' dir='ltr'><strong>rein</strong></span> <span class='ocrx_word' id='word_1_291' title='bbox 869 3062 1031 3120; x_wconf 75' lang='lat' dir='ltr'><strong>Romanam</strong></span> 
     </span>
     <span class='ocr_line' id='line_1_38' title="bbox 107 3137 1031 3217; baseline -0.002 -17"><span class='ocrx_word' id='word_1_292' title='bbox 107 3142 228 3201; x_wconf 80' lang='lat' dir='ltr'><strong>¹lortius</strong></span> <span class='ocrx_word' id='word_1_293' title='bbox 251 3158 286 3198; x_wconf 86' lang='lat' dir='ltr'><strong>ao</strong></span> <span class='ocrx_word' id='word_1_294' title='bbox 306 3137 420 3200; x_wconf 86' lang='lat' dir='ltr'><strong>fidelius</strong></span> <span class='ocrx_word' id='word_1_295' title='bbox 440 3140 554 3216; x_wconf 77' lang='lat' dir='ltr'><strong>juverit.</strong></span> <span class='ocrx_word' id='word_1_296' title='bbox 593 3142 690 3205; x_wconf 86' lang='lat' dir='ltr'><strong>Quum</strong></span> <span class='ocrx_word' id='word_1_297' title='bbox 711 3141 858 3200; x_wconf 85' lang='lat' dir='ltr'><strong>Hannibal</strong></span> <span class='ocrx_word' id='word_1_298' title='bbox 875 3140 1031 3217; x_wconf 80' lang='lat' dir='ltr'><strong>adportas</strong></span> 
     </span>
     <span class='ocr_line' id='line_1_39' title="bbox 126 3216 1030 3294; baseline -0.009 -14"><span class='ocrx_word' id='word_1_299' title='bbox 126 3229 214 3288; x_wconf 89' lang='lat' dir='ltr'><strong>esset,</strong></span> <span class='ocrx_word' id='word_1_300' title='bbox 242 3217 359 3294; x_wconf 78' lang='lat' dir='ltr'><strong>(Nolam</strong></span> <span class='ocrx_word' id='word_1_301' title='bbox 385 3216 462 3278; x_wconf 85' lang='lat' dir='ltr'><strong>enim</strong></span> <span class='ocrx_word' id='word_1_302' title='bbox 481 3235 577 3279; x_wconf 81' lang='lat' dir='ltr'><strong>rursus</strong></span> <span class='ocrx_word' id='word_1_303' title='bbox 596 3237 615 3275; x_wconf 91' lang='lat' dir='ltr'><strong>a</strong></span> <span class='ocrx_word' id='word_1_304' title='bbox 634 3217 760 3277; x_wconf 83' lang='lat' dir='ltr'><strong>Nuceria</strong></span> <span class='ocrx_word' id='word_1_305' title='bbox 779 3224 908 3276; x_wconf 86' lang='lat' dir='ltr'><strong>moverat</strong></span> <span class='ocrx_word' id='word_1_306' title='bbox 925 3217 1030 3290; x_wconf 85' lang='lat' dir='ltr'><strong>castra)</strong></span> 
     </span>
     <span class='ocr_line' id='line_1_40' title="bbox 159 3295 1030 3374; baseline -0.01 -17"><span class='ocrx_word' id='word_1_307' title='bbox 159 3297 286 3374; x_wconf 88' lang='lat' dir='ltr'><strong>ebesque</strong></span> <span class='ocrx_word' id='word_1_308' title='bbox 306 3295 419 3354; x_wconf 87' lang='lat' dir='ltr'><strong>Nolana</strong></span> <span class='ocrx_word' id='word_1_309' title='bbox 438 3295 476 3353; x_wconf 90' lang='lat' dir='ltr'><strong>de</strong></span> <span class='ocrx_word' id='word_1_310' title='bbox 495 3295 606 3372; x_wconf 83' lang='lat' dir='ltr'><strong>integro</strong></span> <span class='ocrx_word' id='word_1_311' title='bbox 619 3296 659 3354; x_wconf 87' lang='lat' dir='ltr'><strong>ad</strong></span> <span class='ocrx_word' id='word_1_312' title='bbox 670 3296 860 3356; x_wconf 85' lang='lat' dir='ltr'><strong>deiectionem</strong></span> <span class='ocrx_word' id='word_1_313' title='bbox 878 3301 1030 3369; x_wconf 84' lang='lat' dir='ltr'><strong>spectaret,</strong></span> 
     </span>
     <span class='ocr_line' id='line_1_41' title="bbox 165 3367 1032 3455; baseline -0.01 -20"><span class='ocrx_word' id='word_1_314' title='bbox 165 3373 287 3436; x_wconf 87' lang='lat' dir='ltr'><strong>arcellus</strong></span> <span class='ocrx_word' id='word_1_315' title='bbox 300 3374 353 3432; x_wconf 89' lang='lat' dir='ltr'><strong>sub</strong></span> <span class='ocrx_word' id='word_1_316' title='bbox 368 3373 526 3432; x_wconf 87' lang='lat' dir='ltr'><strong>adventum</strong></span> <span class='ocrx_word' id='word_1_317' title='bbox 535 3373 663 3434; x_wconf 85' lang='lat' dir='ltr'><strong>hostium</strong></span> <span class='ocrx_word' id='word_1_318' title='bbox 673 3375 747 3433; x_wconf 85' lang='lat' dir='ltr'><strong>istra</strong></span> <span class='ocrx_word' id='word_1_319' title='bbox 760 3367 1032 3455; x_wconf 77' lang='lat' dir='ltr'><strong>murosserecepit3</strong></span> 
     </span>
     <span class='ocr_line' id='line_1_42' title="bbox 128 3447 1030 3530; baseline -0.013 -14"><span class='ocrx_word' id='word_1_320' title='bbox 128 3473 187 3516; x_wconf 87' lang='lat' dir='ltr'><strong>non</strong></span> <span class='ocrx_word' id='word_1_321' title='bbox 200 3451 302 3518; x_wconf 85' lang='lat' dir='ltr'><strong>castris</strong></span> <span class='ocrx_word' id='word_1_322' title='bbox 313 3461 454 3525; x_wconf 83' lang='lat' dir='ltr'><strong>metuens,</strong></span> <span class='ocrx_word' id='word_1_323' title='bbox 468 3451 520 3530; x_wconf 84' lang='lat' dir='ltr'><strong>sed</strong></span> <span class='ocrx_word' id='word_1_324' title='bbox 531 3471 569 3516; x_wconf 88' lang='lat' dir='ltr'><strong>ne</strong></span> <span class='ocrx_word' id='word_1_325' title='bbox 581 3452 745 3530; x_wconf 83' lang='lat' dir='ltr'><strong>prodendae</strong></span> <span class='ocrx_word' id='word_1_326' title='bbox 759 3447 837 3508; x_wconf 83' lang='lat' dir='ltr'><strong>urbis</strong></span> <span class='ocrx_word' id='word_1_327' title='bbox 850 3461 1030 3506; x_wconf 80' lang='lat' dir='ltr'><strong>occasionem</strong></span> 
     </span>
    </p>
   </div>
   <div class='ocr_carea' id='block_1_9' title="bbox 0 0 1218 3932">
    <p class='ocr_par' dir='ltr' id='par_1_10' title="bbox 0 0 1218 3932">
     <span class='ocr_line' id='line_1_43' title="bbox 0 0 1218 3932; baseline 0 0"><span class='ocrx_word' id='word_1_328' title='bbox 0 0 1218 3932; x_wconf 95' lang='lat' dir='ltr'><strong> </strong></span> 
     </span>
    </p>
   </div>
  </div>
 </body>
</html>
