2534 4010
201 205 247 286 ‘ss
533 201 796 284 'nervii'

207 373 228 418 ‘⁴'
239 377 335 445 redeo,
351 388 380 436 et
394 377 475 454 signa
486 377 561 437 haec
583 379 767 458 legionesque
787 377 915 439 restituo.
957 375 1014 450 Tu,
1027 395 1115 460 quaeb

206 467 225 494 ‘⁶
241 475 282 524 so,
306 455 445 532 placatus,
470 474 516 514 me
537 457 732 533 magisterium
757 458 893 536 equitum,
924 456 978 516 hos
998 460 1113 518 ordines

205 544 225 573 “
239 551 305 592 suos
321 551 471 610 quemque,
496 545 594 592 tenere
614 536 743 612 jubeas.”
791 535 864 592 Tum
886 535 1006 594 dextrae
1025 537 1113 595 intes

202 615 330 690 junctae,
353 611 523 690 militesque,
545 613 684 671 concione
708 613 832 681 dimissis,
855 631 873 670 a
897 613 971 671 uotis
993 613 1112 690 ignotis·

204 709 260 766 que
274 690 398 766 benigne
412 701 499 766 atque
519 689 698 766 hospitaliter
717 690 846 750 invitati:¹
878 691 1027 769 laetusque
1050 691 1117 748 dies

111 835 114 838 ,
204 787 241 826 ex
255 765 424 829 ‚admodum
451 766 523 824 tristi
547 767 793 843 paulominus
816 787 906 846 prope
933 767 1110 835 exsecrabili,

201 845 304 903 lactus.
346 843 466 918 Rornae,
496 855 527 901 ut
542 855 594 912 ,est
615 845 724 922 perlata
746 845 824 904 fama
844 847 886 905 rei
906 857 1014 924 gestae,
1044 845 1111 904 dein

197 923 291 980 'literis
315 941 372 979 non
400 921 489 999 magis
516 921 642 998 ipsorum
667 921 880 1000 imperatorum,
914 943 1000 1001 quam
1026 923 1112 999 vulgo

201 999 325 1060 militum
348 1017 384 1058 ex
406 1011 526 1075 utroque
541 999 677 1068 exercitu,
698 999 844 1070 affirmata,
865 1020 920 1080 pro
939 1021 972 1059 se
994 1003 1113 1079 quisque

202 1078 366 1137 Maximum
380 1076 513 1136 laudibus
526 1076 563 1133 sd
583 1077 696 1135 coelum
719 1077 810 1138 ferre:
843 1079 900 1137 Par
921 1078 1011 1154 gloria
1032 1079 1111 1156 apud

203 1155 398 1214 Hannibalem
422 1155 576 1236 hostesque
600 1154 715 1215 Poenos
739 1169 818 1215 erat:
852 1175 887 1215 ac
909 1166 972 1213 tum
992 1155 1109 1214 demum

201 1234 316 1300 sentire,
331 1251 396 1290 cum
412 1231 550 1289 Romanis
564 1243 652 1310 atque
665 1234 694 1292 in
703 1234 786 1303 ltalia
798 1235 906 1294 bellum
920 1250 992 1292 esse.
1032 1233 1109 1290 Nam

196 1309 317 1368 ‘biennio
331 1321 398 1367 ante
411 1308 484 1367 adeo
506 1321 536 1367 et
559 1310 649 1370 duces
674 1304 821 1370 Romanos
836 1327 865 1372 et
879 1313 983 1372 milites
997 1329 1109 1390 spreve»

201 1397 274 1455 rant,
299 1381 391 1445 ut‘vix
413 1406 479 1445 curn
504 1388 604 1446 eadem
624 1399 712 1464 gente
735 1389 842 1446 bellurn
864 1409 930 1448 esse
949 1389 1109 1456 crederent,

200 1467 283 1542 cujus
311 1462 464 1524 terribilem
497 1484 560 1526 eam
587 1465 692 1524 laruam
717 1485 734 1526 a
766 1467 895 1544 patribus
919 1467 1108 1543 accepissent.

201 1543 400 1602 Hannibalem
412 1563 535 1622 quoque,
550 1563 586 1603 ex
601 1545 663 1604 acie
687 1545 864 1614 redeuntem,
884 1544 990 1602 dixisse
1001 1543 1107 1611 ferunt,

199 1621 317 1680 tandem
341 1642 406 1682 eam
429 1625 546 1692 nubem,
571 1642 644 1700 quae
658 1625 758 1682 sedere
772 1624 800 1681 in
813 1624 890 1701 jugis
902 1621 1047 1682 montium
1063 1634 1109 1678 su·

200 1699 251 1758 lita
265 1701 310 1768 sit,
324 1721 390 1759 cum
405 1701 530 1778 procella
543 1701 663 1756 imbrem
677 1700 798 1756 dedisse.
903 1725 905 1730 ·
1094 1695 1102 1716 ³

240 1777 351 1837 XXXI.
381 1779 461 1835 Duu
484 1777 557 1832 haec
594 1786 712 1830 eruntur
734 1769 876 1842 initalia,
898 1774 953 1832 Cri.
975 1775 1111 1832 Servilius

200 1857 341 1916 Geminus
355 1852 455 1910 consul
469 1869 534 1907 cum
559 1793 650 1907 ciasse
664 1859 781 1907 centum
794 1849 894 1928 viginti
907 1851 1031 1919 navium,
1052 1852 1108 1910 eir·

199 1941 366 1990 cumvectus
382 1926 528 1986 Sardiniae
552 1938 581 1986 et
604 1927 740 1988 Corsicae
754 1945 842 1999 orem,
863 1923 1108 1988 et'obsidibus·u·-

198 2009 311 2084 trinque
324 2005 460 2083 acceptis,
474 2005 504 2064 in
529 2005 658 2065 Africam
681 2008 853 2067 transmisit:
883 2017 922 2077 et,
943 2007 1109 2100 priusquam

197 2087 227 2142 in
254 2085 451 2143 continentem
483 2086 685 2145 exscensiones
717 2087 834 2156 faceret,
870 2085 998 2162 Menige.
1014 2085 1108 2144 inauli

193 2164 316 2232 ‘vastatis
332 2177 361 2223 et
375 2165 412 2224 ab
427 2163 618 2223 incolentibus
643 2163 804 2234 Cercinam,
825 2183 863 2221 ne
886 2173 921 2221 et'
935 2163 1061 2239 ipsorum
1075 2181 1109 2220 u·

196 2251 307 2300 teretur
320 2243 544 2320 diripereturque
564 2259 640 2317 ager,
665 2243 767 2299 decem
789 2239 904 2299 talentis
928 2238 1038 2316 argenti
1059 2256 1110 2298 ac·

197 2321 298 2398 ceptis,
314 2319 351 2378 ad
375 2321 471 2377 littora
495 2317 612 2377 Africae
639 2319 769 2386 accessit,
790 2317 944 2394 copiaeque
965 2317 1109 2393 exposuit.

196 2398 331 2459 Indead
354 2396 549 2476 populandum
574 2415 672 2474 agrum
694 2395 774 2455 ducti
805 2394 908 2452 milites
936 2393 1110 2470 navalesque

196 2473 276 2546 socii,
309 2481 393 2557 juxta
418 2473 510 2544 effusi,
531 2493 579 2534 ‘ac
603 2475 626 2532 si
654 2474 752 2544 insulis
785 2473 928 2534 cultorum
955 2472 1109 2548 egentibus

196 2557 411 2634 praedarentur.
439 2554 544 2634 itaque'
559 2554 588 2610 in
611 2553 727 2611 insidias
747 2563 857 2611 temere
880 2551 960 2619 illati,
981 2565 1069 2627 quum
1090 2551 1109 2608 'a

194 2635 393 2710 frequentibus
406 2634 546 2712 palantes,
560 2633 598 2691 ab
612 2631 741 2690 locorum
754 2631 850 2710 gnaris
863 2629 962 2708 ignari,
986 2627 1109 2686 circum·

194 2712 368 2782 venirentur,
383 2731 450 2770 cum
463 2713 555 2770 multa
568 2710 660 2770 caede
672 2729 707 2769 ac
729 2710 814 2768 foeda
833 2708 903 2784 fuga
915 2715 992 2765 retro
1006 2706 1044 2762 sd
1057 2723 1108 2763 ns*

195 2806 245 2845 ves
259 2789 400 2864 compulsi
414 2804 490 2846 sunt.
531 2789 581 2844 Ad
602 2787 680 2845 mille
694 2787 851 2853 homiuum,
874 2801 941 2841 euin
965 2782 1010 2836 bis
1025 2782 1108 2838 Sem-

195 2863 297 2942 pronio
322 2865 426 2922 Blaeso
450 2873 610 2942 quaestore,
638 2863 752 2927 amisso,
783 2859 889 2927 classis,
919 2875 937 2914 a
962 2857 1109 2918 littoribus

195 2942 322 3001 hostium
336 2940 427 3019 plenis
441 2938 551 3018 trepide
566 2939 668 3006 soluta,
690 2937 718 2992 in
745 2935 870 2994 Siciliam
893 2950 1009 2993 cursum
1022 2943 1109 2995 tenu-

194 3023 233 3087 it:
258 3019 363 3080 tradita
383 3038 420 3077 ue
440 3016 570 3098 Lilybaei
595 3016 631 3074 Τ.
653 3013 777 3074 Otacilio
800 3012 933 3091 praetori,
954 3023 987 3070 ut
1007 3013 1045 3070 ab
1065 3015 1108 3084 le-

195 3111 264 3178 gato
278 3101 349 3176 ejus,
364 3039 398 3156 i.
421 3095 504 3166 Sura,
518 3089 652 3154 'Romam
675 3092 869 3151 reduceretur.
897 3091 967 3169 ipse,
988 3097 1043 3168 pe'r
1063 3092 1108 3150 Si-

196 3177 290 3240 ciliam
326 3175 427 3236 edibus
438 3173 595 3254 profectus,
615 3173 689 3232 licto
713 3171 742 3229 in
766 3169 880 3229 Italiam
900 3169 1023 3248 traJ'ecit,
1043 3170 1107 3228 lite·

195 3253 234 3317 ris
248 3259 285 3334 Q.
300 3198 381 3314 iabit
395 3253 504 3313 accitus
518 3253 632 3331 etipse,
663 3261 693 3309 et
715 3249 826 3326 collega
839 3251 911 3326 ejus,
927 3248 971 3304 Μ.
980 3247 1108 3339 ‘Atilius

196 3348 229 3395 ut
243 3334 385 3395 exercitus
398 3333 435 3392 ab
451 3351 490 3403 se,
512 3341 614 3389 exacto
636 3333 696 3410 jam
718 3331 807 3406 prope
829 3331 1108 3402 semestnerperrd,

197 3411 371 3492 acciperent.
411 3410 549 3470 Omnium
562 3429 652 3489 prope
666 3407 782 3467 annales
797 3405 917 3472 Fabium
938 3403 1110 3484 dictatorem

198 3489 546 3553 adversusriannibatem
559 3509 619 3550 rem
633 3487 755 3568 gessisse
769 3484 894 3547 tradunt.
948 3478 1063 3541 Coelius
1076 3485 1110 3538 et·

534 3797 536 3800 '
580 3791 587 3820 i
