2534 4010
202 229 240 286 34
554 215 589 278 Τ.
618 218 763 278 LIVII'

203 391 220 417 “
235 377 364 438 membra
377 373 484 434 torrida
496 374 572 452 gelu,
592 373 884 454 quassatsfractaque
902 389 992 443 arma,
1013 367 1108 436 claudi

202 467 220 495 ‘¹
234 475 269 516 ac
292 452 401 514 debiles
421 453 497 530 equi.
539 453 614 512 Cum
637 454 693 512 hoc
718 453 821 530 equite,
846 469 911 508 curn
933 451 990 510 hoc
1011 453 1114 529 pedite·

204 546 222 571 ‘⁶
256 532 388 608 agnaturi
425 530 515 597 estis;
547 531 680 608 reliquias
707 543 847 590 extremas
880 528 1015 598 hostiurn,
1049 548 1109 590 non

202 621 220 648 ⁴⁶
235 553 342 677 hostes,
364 609 517 667 habebitis.
558 612 605 667 Ac
628 609 697 666 nihil
718 609 808 686 magis
820 625 927 674 vereor,
952 624 1037 685 quam
1060 628 1107 676 ne.

202 698 219 726 ‘⁶
234 707 287 746 vos
311 705 400 764 quum
426 687 627 762 pugnaveritis,
662 688 753 765 Alpes
779 686 880 744 vicisse
913 685 1108 743 Hannibalem

203 775 222 803 ‘⁴
236 765 394 824 videantur.
435 764 493 824 Sed
519 765 560 822 ita
585 765 702 824 forsitan
733 763 838 831 decuit,
867 784 935 824 cum
959 763 1107 821 foederum

202 853 220 881 ‘⁸
234 841 438 920 ruptoretluce
451 860 486 899 ac
499 842 606 920 populo
623 843 696 922 deos
715 841 800 917 ipsos.
824 841 887 900 sine
906 842 964 900 nlla
982 841 1109 899 humana

204 931 222 958 ⁴⁴
236 939 301 998 ope,
325 919 504 978 committere
525 939 561 979 ac
584 920 745 998 profligare¹
758 918 885 986 bellurn;
908 939 977 990 nos,
996 917 1044 997 qui
1065 937 1127 978 se·-

204 1009 223 1037 '¹
237 999 363 1058 cundum
377 997 447 1057 deos
470 996 567 1055 violati
588 1005 703 1067 sumus,
717 996 901 1056 commissum
921 1015 956 1056 ac
976 995 1111 1074 profliga-

204 1088 221 1116 “
236 1089 298 1136 tum
312 1075 462 1136 conficere.
678 1101 679 1106 ¹

242 1154 321 1213 XLI.
363 1163 381 1190 “
396 1152 469 1210 Nou
488 1170 595 1222 vereor,
617 1172 654 1212 ne
675 1153 738 1232 quis
757 1172 805 1211 me
824 1152 881 1210 hoc
899 1153 985 1210 vestri
1005 1146 1110 1208 adhor-

204 1244 222 1270 “
237 1232 325 1297 tandi.
340 1231 428 1292 causa
449 1230 600 1306 magnifico
622 1232 702 1309 loqui
728 1232 880 1298 existimet,
906 1230 1001 1307 ipsum
1027 1227 1110 1288 aliter

201 1319 219 1348 “
233 1309 329 1368 animo
352 1307 486 1366 affectum
508 1327 580 1366 esse.
619 1309 716 1367 Licuit
739 1311 768 1367 in
792 1309 973 1386 Hispaniam,
998 1306 1110 1387 pruvin-

204 1399 221 1424 ·⁴
235 1388 309 1446 ciam
334 1404 435 1452 meam,
457 1405 513 1462 quo
533 1389 593 1463 jam
614 1387 759 1463 profectus
783 1405 870 1453 eram,
895 1407 962 1445 cum
982 1383 1110 1446 exercitu

205 1477 223 1502 “
236 1466 278 1524 ire
292 1483 375 1532 meo;
396 1463 446 1521 ubi
469 1473 499 1521 er.
521 1463 645 1523 fratrem
660 1465 768 1522 consilii
791 1463 957 1540 participem
979 1481 1015 1521 ac
1036 1463 1114 1538 peri*
1218 1465 1219 1479 ¹

204 1543 293 1601 “culi
317 1541 426 1599 socium
445 1541 592 1611 haberem,
612 1553 643 1602 et
663 1542 876 1601 Hasdrubalem
897 1540 1001 1618 potius,
1024 1555 1111 1617 quam

205 1630 223 1662 o
238 1618 443 1687 Hannibalem,
457 1620 580 1690 bostem,
595 1633 624 1681 et
639 1621 776 1680 minorem
796 1621 874 1679 haud
897 1619 985 1678 dubie
1005 1617 1112 1676 mulera

204 1706 222 1733 ‘⁴
238 1697 325 1755 bellis
349 1707 456 1767 tamen,
480 1719 568 1775 quum
592 1700 823 1775 praeterveherer
850 1697 970 1755 navibus
997 1695 1112 1754 Galliae

204 1786 221 1814 “
235 1793 324 1844 oram,
357 1775 395 1832 ad
420 1775 526 1831 famam
552 1775 637 1848 hujus
663 1772 754 1828 hostis
780 1772 809 1826 in
836 1783 940 1826 terram
967 1789 1110 1846 egnessuq

204 1865 222 1892 ‘⁶
236 1852 391 1930 praemisso
414 1848 551 1922 equitatu,
573 1847 614 1903 ad
633 1846 807 1904 Rhodanum
829 1847 905 1905 movi
927 1860 1030 1906 castra.
1070 1845 1111 1902 E·

205 1940 223 1976 ‘a
237 1925 344 2004 questri
371 1923 486 1999 proelio,
508 1925 565 2000 qua
589 1933 669 2000 parte
692 1924 839 2002 copiarum
862 1925 1030 1984 conserendi
1050 1939 1112 1982 ma-

206 2015 224 2044 “
238 2021 307 2061 num
319 2000 433 2058 fortuna
452 1999 521 2058 data
540 2014 593 2070 est,
613 2001 726 2062 hostem
740 2003 820 2062 fudi:
844 2003 973 2082 peditum
997 2021 1111 2080 agmen,

206 2092 225 2120 ⁴⁴
239 2078 315 2156 quod
341 2078 371 2134 in
398 2077 515 2136 modurn
541 2079 712 2156 fugientium
739 2084 843 2160 raptim
869 2085 1017 2158 agebatur,
1046 2081 1113 2157 quia

208 2169 226 2196 ¹⁴
239 2157 352 2233 assequi
365 2157 441 2215 terrai
454 2176 511 2215 noa
531 2170 670 2234 poteram,
691 2179 835 2236 regressus
855 2161 892 2216 ad
913 2178 1008 2225 naves,
1023 2175 1112 2233 quan-

207 2243 226 2273 ‘⁸
240 2235 272 2292 th
291 2237 416 2293 maximis
435 2235 582 2294 celeritate
602 2237 690 2312 potui,
712 2250 793 2295 tanto
813 2235 898 2292 maris
917 2249 1113 2310 terrarumque

208 2323 227 2352 ⁴⁴
240 2312 370 2379 circuitu,
394 2311 423 2368 in
447 2311 590 2370 radicibus
615 2313 733 2390 Alpium
757 2314 858 2371 obvius
877 2312 927 2369 fui.
978 2311 1057 2370 Huic
1077 2311 1112 2367 ti-

207 2389 344 2448 “mendo
357 2389 433 2448 hosti
454 2401 558 2458 utrum,
580 2410 668 2466 quum
692 2391 865 2450 declinarem
884 2403 1048 2458 certarnen,
1060 2389 1112 2446 im·

208 2479 226 2508 “
239 2468 368 2549 provisus
393 2466 526 2528 incidisse
549 2466 655 2538 videor,
688 2488 725 2526 an
756 2487 905 2528 occurrere
932 2470 961 2526 in
987 2465 1113 2542 vestigiis

207 2559 226 2588 ‘⁸
240 2547 326 2626 ejus?
345 2546 486 2606 lacessere
500 2565 534 2604 ac
554 2546 666 2606 trabere
686 2547 723 2604 ad
737 2545 976 2607 decernendum?
1017 2544 1113 2621 Expe-

211 2628 290 2684 “riri
313 2629 404 2703 juvat,
428 2636 522 2683 utrum
547 2624 617 2684 alios
640 2638 759 2704 repente
784 2625 1038 2703 Karthaginienses
1064 2639 1115 2699 per

211 2703 341 2777 “viginti
367 2723 458 2779 annos
484 2714 559 2763 terra
581 2704 711 2775 ediderit,
742 2725 779 2764 an
805 2705 891 2762 iidem
916 2701 981 2771 sint,
1009 2701 1057 2777 qui
1077 2699 1115 2756 ad

211 2790 229 2830 t‘
245 2781 373 2852 Aegates
386 2785 585 2855 pugnaverunt
598 2783 713 2848 insulas,
734 2793 764 2838 et
784 2799 855 2854 quos
868 2782 905 2835 ab
927 2779 1032 2853 Eryce,¹
1043 2776 1115 2832 dub·

211 2867 229 2892 ‘⁴
243 2855 387 2912 devicenis
414 2856 537 2911 denariis
562 2857 736 2921 aestimatos,
763 2855 912 2918 emisistiss
946 2865 984 2920 et,
1018 2862 1114 2908 utrum

212 2943 230 2970 ⁴⁴
247 2931 394 2988 Hannibal
410 2927 463 2988 hic
475 2930 512 2986 sit
532 2929 661 2987 aemulus
681 2930 813 2987 itinerum
835 2929 979 2998 Herculis,
1000 2941 1032 2990 ut
1054 2928 1115 3004 ipse

213 3020 231 3046 “
244 3009 308 3075 fert,
335 3026 371 3066 an
392 3006 539 3083 vectigalis
561 3006 815 3086 stipendiariusque
837 3021 866 3066 et
894 3027 991 3066 servus
1017 3007 1118 3085 populi

212 3085 400 3144 “Romania
419 3097 500 3162 patre
514 3085 645 3144 relictus:
667 3105 751 3162 quern
772 3087 824 3144 nisi
846 3086 1036 3164 Saguntinum
1054 3103 1116 3146 sce·

214 3175 233 3202 ‘⁴
246 3164 290 3222 lus
307 3164 439 3240 agitaret,
459 3164 612 3241 respiceret
635 3163 772 3242 profecto,
797 3165 820 3223 si
840 3183 897 3223 non
918 3164 1039 3243 patriam
1058 3165 1116 3222 vic·

211 3255 231 3298 s‘
244 3253 313 3312 tam,
326 3241 444 3300 domum
465 3253 544 3301 certe
562 3255 738 3322 patremque,
760 3255 790 3302 et
808 3243 924 3301 foedera
944 3243 1117 3302 Hamilcaris

191 3333 233 3370 ‘⁴‘
246 3320 352 3399 scripta
374 3339 468 3380 manu.
493 3321 550 3399 qui,
571 3323 698 3398 J’ussusa
717 3322 834 3380 consule
854 3334 961 3390 nostro,
982 3319 1117 3400 praesidi·

213 3410 233 3438 ¹‘
246 3417 296 3458 um
317 3399 436 3459 deduxit
459 3401 496 3458 ab
524 3399 637 3478 Eryce:
672 3401 720 3478 qui
742 3419 842 3473 graves
865 3400 1013 3480 impositas
1035 3395 1117 3453 victis
1185 3421 1193 3428 ·

214 3485 232 3523 ‘l
247 3478 533 3559 Karthaginiensibus
546 3478 626 3556 leges
644 3477 977 3558 fremens-moerensque
994 3472 1115 3551 accepit,
