2534 4010
195 269 236 326 so
554 231 757 321 univit

196 429 250 486 set,
264 427 374 476 temero
388 414 476 475 initae
490 413 578 474 valles
591 432 611 472 s
621 414 852 493 conjectantibus
865 415 928 485 iter,
951 417 1107 480 faciebant.

196 495 321 554 Biduum
335 493 364 552 in
375 495 448 569 jugo
459 492 563 552 stutiva
576 492 694 552 habita:
723 493 861 571 fessisque
874 493 973 554 labore
985 514 1021 554 uc
1035 517 1107 574 pog-

195 569 293 632 noodo
311 571 391 648 quies
414 570 483 650 data
504 570 659 639 militibus;
685 574 872 649 jumentaque
893 571 1011 650 aliquot,
1032 593 1108 650 quse

196 648 329 727 prolapsa
342 648 371 706 in
385 648 504 724 rupibus
527 662 619 718 erunt,
644 651 791 728 sequendo
804 650 923 727 vestigia
936 650 1056 726 agminis
1075 652 1112 710 in

196 737 291 791 castre
303 739 467 804 pervenere.
508 725 602 784 Fesris
615 728 713 788 taedio
726 739 769 786 tot
783 727 921 786 malorum
934 729 1006 786 nivis
1018 730 1105 787 etiarn

196 823 289 874 ussus,
306 803 457 864 occidente
477 805 537 879 jum
558 805 653 866 sidere
667 805 864 882 Vergiliarum,
884 806 1031 884 ingentem
1050 817 1108 866 ter·

197 901 290 942 rorem
314 881 429 958 adjecit.
470 881 526 940 Per
549 883 647 940 omnia
667 882 732 940 nise
755 884 874 974 oppleta
898 904 995 962 quum,
1020 884 1108 961 siguis

196 961 289 1039 primi
310 960 375 1020 luce
402 960 495 1028 motis,
520 959 646 1034 segniter
667 977 771 1036 agmen
798 961 956 1031 incederet,
982 961 1108 1039 pigritie·

196 1057 255 1116 que
269 1051 298 1099 et
312 1038 473 1115 desperatio
486 1037 515 1094 in
529 1037 656 1094 omniurn
676 1037 756 1096 vultu
778 1038 933 1105 emineret;
960 1057 1110 1114 praegres-

200 1136 249 1176 sus
262 1117 352 1195 signu,
368 1113 523 1183 Hannibal,
537 1113 567 1172 in
580 1115 776 1191 promontorio
798 1115 934 1194 quodam,
956 1116 1033 1174 unde
1046 1116 1109 1174 lon·

199 1215 236 1270 ge
250 1215 285 1254 uc
309 1196 367 1252 late
389 1203 559 1270 prospectus
582 1205 654 1264 erat,
678 1195 833 1256 consistere
853 1194 939 1270 jussis
958 1192 1109 1262 militibus,

201 1269 314 1330 ltaliam
337 1283 474 1338 ostentet,
509 1273 712 1350 subjectosque
736 1271 850 1349 Alpinis
874 1272 1020 1332 montibus
1047 1271 1111 1332 Cir·

202 1348 547 1425 cumpudnnoscempos:
575 1351 744 1426 moeniaque
767 1369 817 1408 eos
831 1362 894 1408 tum
907 1349 1110 1418 transcendere
1215 1373 1216 1386 ÷

200 1444 259 1484 non
283 1425 384 1484 ltaliae
405 1425 501 1495 modo,
526 1427 576 1486 sed
598 1427 686 1488 etiam
708 1426 786 1486 urbis
813 1425 973 1486 Romanae.
1014 1437 1111 1486 cetera

201 1503 297 1581 plana,
310 1502 538 1582 procliuieiore:
570 1524 628 1564 uno
651 1515 702 1564 sut
724 1523 867 1564 summurn
891 1504 981 1564 altero
1001 1503 1110 1579 proelio

203 1601 298 1640 arcem
312 1593 342 1640 et
354 1592 443 1660 capnt
457 1582 559 1644 Italiae
581 1584 611 1642 in
635 1603 721 1645 manu
741 1603 778 1643 ac
789 1591 933 1662 potestate
952 1581 1112 1660 babituros.
1216 1629 1217 1636 ,

204 1659 364 1720 Procedere
385 1661 578 1740 indetngmen
600 1663 713 1738 coepitr
743 1666 803 1736 jam
827 1660 956 1746 nihilne
979 1659 1112 1747 hostibus

205 1739 329 1818 quidem,
350 1751 463 1818 praeter
486 1758 573 1815 parva
593 1739 670 1794 furtn
687 1755 742 1809 per
763 1752 954 1800 occasionem,
974 1746 1110 1792 tentanti·

203 1819 269 1876 bus.
309 1820 445 1878 Ceterum
465 1816 520 1870 iter
542 1812 641 1876 multo,
663 1827 750 1884 quam
763 1809 791 1866 in
805 1825 926 1868 ascensu
943 1810 1046 1878 fueret,
1067 1813 1111 1881 (ut

204 1896 339 1972 pleraque
361 1889 480 1963 Alpium
503 1889 542 1944 ab
564 1884 657 1953 ltalia,
672 1885 898 1956 sicntbrevioru,
922 1888 963 1946 ita
976 1889 1112 1948 arrectio-

203 1987 236 2026 ra
250 1968 327 2042 sunt)
341 1963 480 2022 difficilius
503 1962 566 2022 luit.
585 1961 678 2023 amois
701 1963 778 2024 enim
790 1964 879 2024 ferme
899 1963 945 2024 via
963 1983 1113 2044 praeceps,

207 2041 463 2121 angustu,lubrica
485 2054 567 2102 erut:
601 2055 634 2102 ut
657 2063 751 2122 neque
771 2043 912 2104 sustinere
933 2063 965 2106 se
988 2062 1007 2102 a
1029 2043 1112 2122 lupsu
1218 2083 1219 2092 κ

204 2131 338 2202 possenti
366 2139 431 2191 nec,
456 2122 504 2200 qui
526 2122 673 2199 paululum
687 2123 868 2192 titubrissent,
883 2122 1002 2182 humere
1014 2121 1111 2180 afflicti

205 2197 324 2277 uestigio
339 2219 410 2267 suo;
439 2200 544 2276 nliique
567 2217 653 2276 super
675 2199 755 2270 alios,
775 2211 805 2258 et
824 2201 956 2276 jumenta
978 2207 1009 2255 et
1021 2187 1112 2256 homi·

204 2297 265 2346 nes,
277 2279 453 2338 occiderent.
1097 2321 1102 2338 ,.

245 2355 385 2414 XXXVI.
415 2355 556 2414 Vuuuuu
578 2353 684 2414 deinde
704 2353 742 2414 ad
765 2353 856 2412 runlto
886 2352 1112 2430 angustoriorern

206 2453 316 2520 rupem,
337 2444 424 2512 atque
447 2433 488 2494 ite
510 2432 596 2492 rectis
617 2431 702 2502 suxis,
723 2442 756 2490 ut
769 2450 854 2508 aegre
866 2432 1018 2508 expeditus
1032 2430 1114 2496 miles

206 2513 411 2582 tentabundus,
438 2511 628 2588 inanibusque
649 2511 775 2571 retinens
801 2509 924 2587 virgulta
949 2527 985 2567 ac
1010 2507 1114 2584 stirpes

198 2596 285 2656 eirca
305 2593 472 2662 eminentes,
493 2589 645 2651 demittere
668 2607 733 2650 sese
754 2599 860 2666 posset·
901 2585 1013 2646 Nature
1032 2585 1114 2644 locus

205 2666 1014 2822 intituttttttztoellltt?ittit}tiit
1029 2662 1115 2800 tlt

208 2821 346 2884 adfinem
360 2821 432 2889 viae,
456 2823 567 2898 equites
588 2822 792 2884 constitissent,
813 2817 926 2874 miranti
946 2815 1114 2902 Hannibali,

209 2915 350 2978 quaeres
376 2907 534 2955 moraretur
559 2912 673 2971 agmen,
705 2892 858 2954 nunciatur
882 2909 983 2968 rupem
1010 2908 1114 2951 invium

208 2995 279 3039 asse
300 2974 444 3052 digoessus
462 2972 567 3034 deinde
590 2971 651 3050 ipse
672 2969 711 3030 ad
733 2969 829 3028 locum
850 2968 1007 3028 visendum.
1036 2965 1115 3037 band

205 3052 298 3116 dubis
320 3072 367 3114 res
393 3052 461 3122 risu
489 3050 558 3130 quin
580 3069 632 3130 per
654 3049 730 3111 invia
752 3046 829 3110 cirea
851 3066 906 3110 nec
928 3047 1114 3116 tumentes,

208 3130 338 3212 quamvis
351 3131 438 3208 longo
451 3129 572 3202 erubitu,
593 3127 824 3194 circumduceret
835 3144 949 3203 agmen.
989 3123 1034 3186 Ea
1047 3145 1114 3194 vere

209 3213 255 3272 via
275 3209 474 3288 insuperabilis
494 3208 557 3268 fuit.
574 3225 757 3286 samonum
777 3224 862 3284 super
881 3214 1007 3266 veterem
1019 3205 1114 3268 niuem

210 3291 350 3353 intactam
362 3306 437 3348 nova
449 3287 581 3350 modicae
593 3285 751 3346 altitudinis
763 3293 849 3354 esset,
872 3281 952 3344 molli
965 3299 1114 3366 oecprau·

210 3369 289 3430 altee
301 3368 358 3428 nisi
370 3367 455 3434 fenile
468 3367 557 3445 pedes
570 3363 790 3443 ingretbentium
803 3362 983 3424 insistebant·
1002 3373 1034 3420 ut
1047 3376 1115 3427 retu

154 3463 163 3476 ·
211 3460 256 3506 tet
278 3437 427 3510 bonimius
451 3448 703 3524 iumentorumque
725 3443 838 3505 iacens
861 3441 971 3519 dilapsa
991 3447 1043 3506 est,
1063 3453 1115 3524 per

212 3523 321 3591 nudem
346 3527 420 3590 mira
440 3525 563 3606 glaeien
588 3524 783 3602 fimumque
809 3521 908 3594 tabem
932 3519 1117 3612 dunstatus
