2406 3932
177 377 181 388 ·
303 366 534 512 claun
571 365 819 518 >salvs
917 335 920 350 '
972 411 975 434 ι

480 629 603 642 -ιι-ιιιιη

371 789 374 818 2
469 763 622 804 antenna.

127 898 181 960 1v.
195 900 231 957 V.
245 871 303 975 sse.
336 873 652 968 acanonistos,
675 901 916 990 syracusanorum
936 927 996 980 rec,

88 984 169 1060 cuijus
183 999 261 1048 auus,
275 979 378 1047 Hiero,
393 980 498 1041 amicus
507 977 609 1059 populi
618 977 858 1056 Romancfuerat‚
870 982 909 1038 ad
920 983 996 1042 Kar.

87 1053 388 1138 thaginiensesdestcit
395 1082 408 1126 ;
421 1067 448 1116 ct
454 1067 572 1137 propter
583 1053 775 1115 crudelitatem
784 1048 1023 1141 superbiamques
1121 1098 1124 1109 s

88 1154 107 1192 a
120 1135 180 1194 suis
193 1135 357 1214 interfectus
376 1144 425 1194 est.
466 1135 547 1194 XIV.
560 1134 611 1214 isc.
635 1133 664 1192 T
661 1133 681 1192 i.
703 1135 885 1216 Sempronius
909 1135 999 1197 Grac·

88 1209 155 1270 ciuus
164 1209 320 1291 proconsul
325 1233 463 1292 prospere
482 1213 617 1272 aduersus
636 1209 750 1272 Poenos
773 1221 800 1272 et
826 1211 1001 1274 Hannonem

87 1287 186 1348 ducem
199 1291 240 1348 ad
252 1290 443 1350 Beneuentum
451 1312 493 1372 pa
515 1289 603 1356 nanit,
614 1309 756 1348 seruorum
771 1291 890 1350 manime
904 1293 999 1372 operui,

107 1387 158 1426 uos
171 1365 273 1426 liberos
286 1388 344 1427 csse
352 1369 454 1448 jussit.
522 1365 637 1426 XXIII.
648 1365 697 1441 isc.
722 1365 860 1428 Claudius
871 1369 1000 1430 Marcel·

85 1388 132 1504 ius
145 1444 285 1506 consalin
301 1443 410 1517 Sicilia,
437 1467 493 1510 unc
526 1465 558 1504 ro
578 1454 661 1504 cteta
675 1445 715 1502 ad
724 1445 837 1504 Poenos
850 1445 1011 1524 deficerem

90 1523 248 1602 Syracusas
261 1523 376 1582 obsedit.
447 1523 481 1582 L.
525 1467 597 1600 luiip
617 1542 643 1588 o,
655 1519 846 1580 Macedonum
861 1525 931 1602 regi,
944 1523 999 1585 bet-

87 1597 145 1660 tun
159 1599 296 1658 indictum
309 1607 369 1666 est,·
392 1599 451 1676 qui,
463 1599 513 1680 ad
532 1543 714 1677 Apoiloniam
737 1607 873 1660 nocturno
887 1601 1000 1680 proclia

88 1697 236 1758 oppressus
243 1679 289 1754 fic
309 1685 434 1756 utusque,
449 1677 480 1734 in
495 1673 697 1734 Macedoniam
711 1695 773 1734 cum
812 1697 879 1766 rope
898 1678 1007 1740 inermi

87 1698 309 1834 cumcituperii
328 1753 359 1812 it.
372 1753 412 1814 ad
424 1753 456 1814 id
465 1749 565 1813 bellum
571 1753 728 1830 gercucdum
747 1698 874 1814 Vaiirsus
880 1766 1001 1838 praetor

89 1830 252 1892 missuscst.
344 1831 366 1900 1,
382 1830 431 1905 dcc.
449 1831 506 1892 Res
540 1840 666 1890 caeterea
681 1831 711 1890 in
725 1831 904 1912 Hispaniae
919 1836 958 1896 P.
972 1827 1012 1896 ct'
1097 1853 1099 1860 ’

94 1909 148 1969 Cn.
161 1909 209 1967 Sci
229 1909 340 1968 ionibus
353 1907 487 1978 aduersus
500 1853 756 1988 Marthagiuienscs
762 1917 858 1990 gestas
868 1913 1006 1976 continet.¹

89 1931 232 2046 vassi.
254 1985 379 2064 Supinas,
398 2007 448 2069 rec
465 1985 668 2066 Numidarum,
683 1988 713 2046 in
733 1988 886 2049 amicitiam
907 1993 999 2052 adsci-

13 2113 14 2130 ,
87 2074 144 2134 tus,
159 2071 186 2122 es
200 2084 218 2121 a
233 2061 401 2138 Masinissa,
416 2083 482 2144 rege
490 2060 695 2141 Massplarum
704 2085 761 2142 pro
774 2067 999 2148 Karthaginien-

88 2141 166 2202 sibus
177 2149 334 2221 pugnante,¹
347 2137 443 2212 nictus,
464 2139 495 2200 in
516 2139 685 2200 Maurusios
706 2159 766 2210 cutm
790 2163 901 2231 magua·
914 2168 999 2208 asana

13 2293 14 2296 Ἴ
88 2218 206 2280 transiit
219 2228 317 2280 contra
334 2219 429 2278 Gades
438 2242 452 2288 ,·
474 2217 524 2277 uti
536 2239 574 2276 un
596 2226 657 2276 usta
664 2219 750 2307 freto
770 2221 873 2297 Africa
886 2225 1001 2286 ct'His.

84 2299 178 2378 partia
189 2297 371 2356 dirimuntur.
411 2292 521 2356 XLIX.
539 2295 565 2354 C
588 2295 672 2354 tiberi
686 2317 795 2378 quoquc
805 2297 835 2356 in
847 2297 999 2364 amicitiam

90 2377 194 2457 recepti
207 2383 272 2434 suut
283 2398 294 2432 .·
317 2395 434 2454 quorum
447 2373 564 2434 auxiliis
577 2373 701 2444 adscitis,
713 2383 779 2433 tuuc
787 2377 913 2456 primum
927 2402 1001 2440 mer-

90 2452 234 2516 cenarium
248 2450 363 2512 militam
374 2449 509 2534 Romana
523 2451 617 2512 naara
630 2451 797 2512 habuerunt.

129 2609 155 2668 Ι.
196 2609 246 2668 Ua
260 2627 298 2666 ex
311 2603 470 2682 Campania
482 2607 513 2666 in
525 2607 653 2666 Bruttios
667 2606 790 2665 reditum
803 2619 858 2677 est,
882 2607 999 2682 Hanno,

90 2687 137 2766 adj
191 2687 213 2744 r'
256 2705 281 2744 s.¹
326 2685 449 2744 ducibus
466 2685 591 2753 Bruttiis,
613 2685 741 2744 Graecas
763 2685 848 2744 urbes
869 2688 999 2762 tentavit,

91 2786 126 2828 eo
158 2783 257 2824 acutus
326 2763 464 2824 societate
483 2773 633 2823 manentes
653 2761 796 2831 Romanis,
818 2765 894 2842 quod
914 2765 999 2827 Brut.

13 2903 15 2926 s
90 2845 156 2918 tine.
177 2860 249 2923 qnos
268 2853 298 2905 et
321 2843 442 2902 oderant
465 2852 495 2902 et
515 2841 692 2909 metuebant,
716 2839 1004 2922 KarthaginiensIum'

13 2929 14 2962 i
91 2921 179 3001 partis
205 2921 296 2982 factos
320 2919 485 2980 cernebant.
535 2917 680 2995 Rhegium
727 2919 829 2978 rimun'n
856 2933 1000 2984 tentatum

91 3009 145 3070 est,
159 2999 276 3078 diesque
289 2999 398 3080 aliquot
411 2997 452 3056 ibi
472 2997 663 3076 nequicquam
687 2939 841 3077 nisumpti.
860 3004 862 3012 '
880 3001 1002 3062 Interim

91 3076 253 3137 Locrenses
278 3075 463 3142 frumentum,
489 3075 633 3152 lignaque,
661 3084 691 3132 et
717 3087 814 3135 cetera
839 3079 1018 3140 necessaria

91 3153 203 3222 usibus,
217 3171 254 3211 ex
267 3153 341 3229 agris
355 3153 384 3210 in
398 3153 499 3212 urbem
513 3171 621 3230 rapere,
636 3151 722 3211 etiam
735 3173 772 3214 ne
786 3155 855 3231 quid
867 3156 1000 3224 relictum

78 3289 79 3296 ,
92 3231 218 3311 praedae
230 3231 360 3290 hostibus
373 3240 468 3308 esset:
490 3239 519 3288 et
532 3229 561 3288 in
574 3230 635 3292 dies
649 3233 739 3308 major
759 3235 891 3292 omnibus
910 3235 1000 3310 portis

93 3307 247 3376 multitudo
269 3307 384 3366 effundi.
407 3317 551 3386 postremo
575 3307 594 3364 ii
614 3307 700 3368 modo
720 3307 810 3371 relicti
830 3310 859 3366 in
880 3311 950 3368 urbe
970 3327 1001 3368 e·
1076 3311 1079 3320 ’

93 3402 167 3462 rant,
182 3386 230 3467 qui
244 3385 360 3446 reficere
373 3404 469 3444 muros
483 3403 517 3444 ac
536 3396 641 3463 postas,
657 3387 770 3463 telaque
790 3386 819 3442 in
831 3382 1004 3462 'propagata'

95 3465 159 3530 cula
185 3481 349 3552 congeneis,
377 3459 562 3544 cogebantur.
612 3465 647 3526 In
674 3464 842 3542 permistam
873 3459 1000 3526 omnisun
