2406 3932
463 230 624 304 Llnla'tt
641 237 739 302 XXII·
984 249 1049 306 '101

147 397 245 458 marlia
263 397 324 458 acie
345 385 494 467 Numidas,
517 400 583 484 qais
598 393 698 477 'segnis
717 413 816 457 eorum
837 412 902 452 cum
930 393 1053 458 adseret,

149 495 246 552 pugna
271 488 340 546 erat,
364 476 402 534 ad
422 479 632 554 persequendos
653 477 757 554 passim
779 472 921 549 fugientes
945 471 1052 533 mittit:

150 553 294 630 Hispanos
308 567 342 612 ee
352 553 454 612 Gallos
467 555 587 630 pedites,
609 558 669 630 jam
691 553 769 611 Afris
782 569 871 630 prope
884 550 974 621 fessis,
988 569 1055 612 cae·

148 630 185 689 de
198 649 244 690 tna
265 635 389 708 isquam
402 632 508 707 pugna,
522 631 661 706 adjungit.
699 657 704 670 =
1033 632 1035 640 '

139 735 142 742 ·
185 652 296 766 XLlX.
336 707 449 765 Pnnrs
475 707 565 765 alterni
591 725 704 784 pugnae
731 707 855 777 Paullus,
889 725 1053 786 quanquam

145 786 238 862 primo
252 785 470 862 statimproelio
489 784 580 843 fundis
598 786 721 860 graviter
740 785 814 843 ictus
833 786 933 855 fuerat,
955 799 1052 844 tamen

145 876 177 921 et
200 863 326 920 occurrit
346 881 431 940 saepe
454 881 519 923 cum
542 862 677 921 confertis
702 863 866 931 Hannibali,
892 876 923 921 et
942 865 1051 941 aliquot

147 937 219 998 locis
246 940 383 1018 proelium
410 943 540 1010 restituit,
569 939 787 1018 protegentibus
814 957 878 997 eum
905 943 1050 1018 equitibus

148 1015 304 1085 Romanis;
326 1019 435 1078 omissis
448 1031 593 1098 postremo
612 1019 702 1095 equis,
723 1017 791 1093 quis
811 1018 956 1075 consulem
970 1022 1051 1077 etad

145 1097 304 1172 regendum
327 1115 450 1174 equum*
466 1097 540 1156 vires
565 1097 747 1156 deficiebant.
778 1105 843 1150 tum
869 1094 1053 1154 denuncianli

137 1173 268 1242 cuidam,
278 1175 400 1310 hississe
413 1174 559 1233 consulem
573 1175 609 1232 ad
623 1175 712 1252 pedes
732 1171 910 1230 descendere
930 1173 1051 1248 equitis,

138 1251 251 1310 dixisse
311 1253 474 1311 annibalem
500 1253 604 1321 ierunt,
633 1254 761 1316 “Quam
789 1249 912 1316 mallem,
939 1251 1050 1308 vinctos

65 1342 68 1347 ·
105 1348 109 1354 ·
145 1339 164 1366 ⁴⁴
179 1328 248 1384 mihi
272 1330 396 1388 traderet
406 1329 430 1387 l''
478 1331 615 1407 Equitum
639 1329 772 1406 pedestre
795 1327 943 1404 proelium,
967 1328 1051 1404 quale

141 1399 202 1482 jam
216 1405 293 1464 haud
307 1408 394 1465 dubit
413 1409 539 1466 hostium
559 1408 685 1476 victoria,
703 1407 776 1464 suits
801 1423 888 1482 quum
908 1406 975 1464 victi
989 1423 1050 1464 mrt-

137 1482 167 1539 ri
181 1483 210 1540 in
225 1481 342 1560 vestlgs‘o
365 1486 494 1554 mallent,
512 1504 600 1562 quam
618 1485 737 1560 sugere3
759 1481 891 1552 victores,
912 1485 1050 1543 moranti·

142 1561 198 1618 bus
210 1560 358 1624 victoriam
372 1563 443 1629 irati,
463 1563 647 1629 trucidarent,
669 1580 741 1638 quos
763 1561 871 1637 pellere
890 1579 947 1617 non
1036 1597 1048 1608 -
1142 1599 1149 1608 ,

143 1649 216 1694 rant.
229 1637 402 1714 pepulerunt
415 1651 511 1696 tamen
530 1642 589 1714 jam
603 1656 710 1714 paucos
724 1649 901 1714 superantes,
924 1650 955 1696 et
979 1640 1048 1698 abo·

141 1733 174 1772 re
193 1732 228 1772 ac
251 1709 415 1773 ¹vulneribus
434 1714 533 1774 fessos.
573 1717 646 1774 Inde
666 1715 794 1791 dissipati
813 1733 913 1772 omnes
930 1728 1006 1783 sunt,
1020 1737 1050 1776 e-

142 1811 270 1871 quosque
284 1793 320 1851 ad
334 1793 440 1870 sugam,
462 1794 511 1884 qui
524 1804 665 1870 poterant,
680 1793 857 1870 repetebant.
882 1839 886 1846 .
899 1793 952 1851 Cn.
973 1792 1049 1850 Len-

140 1870 228 1935 tulus,
263 1871 393 1929 tribunus
420 1871 551 1939 miluum,
578 1890 676 1947 quum,
710 1870 931 1947 praetervehens
965 1890 1049 1947 equn,

138 1947 288 2006 sedentem
306 1948 335 2004 in
359 1967 429 2006 saxo
455 1967 556 2006 cruore
579 1950 726 2024 oppletum
752 1948 899 2005 consulem
922 1948 1048 2018 vidisset,

142 2036 161 2062 ⁴⁶
176 2024 211 2080 L.
233 2024 365 2090 Aemili,”
396 2026 497 2102 inquit,
525 2034 544 2064 “
558 2043 643 2101 quern
667 2045 755 2082 unum
779 2026 920 2084 insontem
944 2027 1048 2104 culpae

139 2112 160 2138 ⁴¹
175 2099 265 2158 cladis
284 2101 439 2160 hodiernae
460 2103 499 2160 dii
519 2103 659 2178 respicere
679 2103 795 2169 debent,
826 2121 897 2180 cape
917 2103 996 2162 bunc
1016 2124 1047 2164 e·

140 2189 161 2217 ⁴‘
175 2195 272 2256 quum,¹
291 2179 360 2257 dum
374 2191 404 2238 et
417 2180 469 2238 tibi
484 2179 581 2237 virium
603 2179 709 2256 aliquid
729 2190 876 2255 superest3
899 2201 997 2240 comes
1017 2203 1047 2242 e·

141 2267 212 2333 “go
240 2270 269 2314 te
295 2257 397 2316 tollere
422 2277 539 2334 possum
566 2275 601 2316 ac
625 2269 782 2334 protegere.
829 2257 880 2314 Ne
902 2257 1046 2318 funeraam

140 2345 157 2372 ‘¹
174 2336 250 2392 hanc
263 2353 390 2411 pugnam
410 2347 503 2394 morte
523 2334 647 2394 consulis
667 2334 778 2394 feceris.
800 2335 888 2392 etiam
908 2335 968 2394 sine
988 2338 1045 2396 boe

139 2410 350 2470 “lacrimarum
384 2414 453 2472 satis
481 2414 633 2490 luctusque
667 2411 735 2471 est.''
777 2412 826 2469 Ad
859 2431 895 2471 ea
924 2415 1042 2472 consul:

138 2489 219 2546 “Tu
231 2490 356 2566 quidam,
371 2491 426 2548 Cn.
447 2492 571 2558 Corneli,
586 2502 680 2548 macte
694 2489 798 2547 virtute
819 2493 900 2548 esto!
914 2492 976 2547 sed
1000 2509 1047 2546 es·

138 2577 158 2606 ⁴⁴
172 2585 215 2635 ve,
224 2568 330 2624 frustra
339 2568 500 2626 miserando
513 2568 647 2644 exiguum
663 2571 777 2643 tenipus
797 2585 814 2623 e
833 2565 966 2621 manibus
980 2565 1047 2624 hou

139 2654 158 2682 ‘⁴
173 2643 397 2702 tiumevsdendi
417 2647 561 2702 absumas.
602 2644 671 2713 Abi,
693 2643 800 2700 nuncia
817 2640 935 2717 publice
954 2643 1044 2702 Patri·

137 2731 156 2760 ⁴‘
171 2721 235 2789 bus,
250 2721 350 2778 urbem
366 2719 528 2780 Romanam
542 2722 681 2788 muniant,
695 2737 730 2778 ac
740 2719 828 2795 prius,
848 2737 932 2796 quam
953 2721 1044 2782 hbstis

133 2809 156 2836 ⁴‘
169 2798 261 2856 victor
287 2798 429 2867 adveniat,
456 2799 603 2876 praesidiis
628 2798 760 2856 firment:
794 2797 979 2876 privatimque
1006 2803 1044 2866 Q.

135 2887 155 2915 “
170 2875 268 2944 Fabio,
289 2875 325 2934 L.
346 2876 502 2935 Aemilium
523 2883 739 2954 praeceptorum
761 2878 822 2952 ejus
842 2895 998 2937 memorem
1012 2893 1041 2938 et

136 2965 156 2994 ⁴⁶
168 2953 282 3022 vixisse,
306 2965 337 3012 et
355 2955 451 3022 adbuc
470 2957 553 3014 mori.
592 2954 694 3012 Mein
715 2955 770 3012 hac
796 2967 891 3031 strage
917 2958 1040 3016 militum

137 3043 155 3072 ‘⁶
168 3051 298 3090 meorum
311 3043 411 3109 patere
423 3033 577 3109 exspirare,
599 3051 638 3090 ne
658 3045 708 3091 aut
728 3052 793 3092 reus
812 3034 915 3092 iterum
935 3053 952 3092 e
971 3053 1040 3092 con·

135 3121 155 3148 ⁴⁴
169 3109 263 3166 sulatu
278 3111 347 3177 sinu
368 3123 417 3168 aut
431 3125 581 3170 accusator
600 3109 729 3186 collegae
749 3110 879 3180 existam,
899 3122 933 3169 ut
945 3107 1040 3170 alieno

136 3197 155 3226 ‘⁶
169 3185 288 3246 crimine
312 3189 507 3246 innocentiam¹
532 3207 635 3262 meam
653 3188 826 3265 protegam.”
868 3190 953 3248 Haec
980 3192 1041 3248 exi·

133 3274 236 3342 gentes
249 3265 326 3339 prius
339 3266 423 3324 turba
436 3265 604 3342 fugientium
618 3267 732 3335 civium,
751 3267 855 3325 deinde
867 3266 974 3332 hostes,
988 3283 1039 3339 op·

186 3359 283 3398 sserer
304 3343 460 3412 consulam,
481 3345 643 3420 ignorantes
664 3344 727 3421 quis
745 3359 833 3413 esset,
853 3344 976 3401 obruere
996 3350 1038 3396 te·

143 3420 183 3488 is;
196 3418 354 3494 Lentulum
363 3421 437 3479 inter
447 3421 600 3480 tumultum
611 3422 735 3498 abripuit
744 3438 845 3497 equus.
884 3415 1036 3474 Tuminde

108 3547 110 3552 .
133 3498 224 3558 affusa
242 3496 365 3590 fugiunt.
405 3497 630 3579 Septemmillia
648 3497 839 3559 mnasonis
852 3491 961 3550 minora
975 3509 1037 3554 tttts⁴
