2534 4010
485 221 657 302 arnan
682 221 770 282 xxn
1052 227 1093 308 so

179 377 617 450 innumerosissimae
636 398 696 440 non
717 387 851 440 senatum
870 375 965 452 modo,
984 375 1038 436 sed
1057 397 1085 438 e

175 458 257 522 uiam
283 476 413 537 augures,
440 458 518 536 quod
544 459 711 519 dictatorem
737 453 951 534 prohibuissent
974 453 1090 514 comitia

182 536 325 611 perficere,
351 555 404 614 per
430 533 566 593 invidiam
588 555 686 594 eorum
707 534 834 592 favorem
858 531 1012 602 candidato
1034 552 1087 610 sup

183 613 372 674 conciliabuta
394 614 443 671 Ab
457 611 621 670 homiuibus
634 611 786 676 nobilibus,
801 629 852 686 por
874 609 980 669 multos
996 628 1088 672 annos

173 689 289 756 ,aetium
304 688 517 767 quaerentibus,
533 688 726 748 Hannibalem
740 688 768 746 in
783 687 895 746 Italiam
908 687 1086 760 adductum:

174 769 217 834 ,ab
231 767 344 836 iisdem,
359 785 446 844 quum
461 765 599 826 debellari
612 765 710 843 possit,
730 763 829 826 frantie
849 763 878 824 id
901 765 1008 826 bellum
1030 779 1087 837 tra·
1153 805 1161 821 .

179 843 221 902 bi.
244 864 312 914 cum
335 856 457 921 quatuor
479 844 603 904 militum
629 841 787 920 legionibus
812 842 948 907 universis
969 845 1089 922 pugnari
1206 871 1211 882 ·

171 917 267 997 possa
281 922 446 1000 apparuisse
459 942 503 992 eo,
522 921 604 1060 pund
618 920 663 978 M.
678 917 833 989 Minucius,
847 921 967 980 absente
987 917 1086 1000 Fabio,

168 1001 503 1077 pmsporepugatsset;
543 1020 592 1060 uos
605 998 733 1076 legiones
746 996 823 1056 busti
842 995 877 1056 ad
901 997 1018 1058 caedem
1036 1001 1088 1071 ob·

176 1078 279 1152 jectas,
294 1077 399 1136 deinde
412 1096 450 1136 ex
461 1078 524 1156 ipsa
537 1078 627 1138 caede
640 1089 761 1153 ereptas,
786 1077 818 1134 u't
833 1083 919 1154 poter
938 1085 1088 1153 patronus·

179 1173 233 1231 pue
251 1156 453 1232 appellaretur,
473 1153 522 1234 qui
536 1156 613 1232 prius
635 1154 748 1214 vincere
768 1150 961 1230 prohibuisset
983 1151 1088 1212 Roma·

177 1247 241 1300 noe,
265 1251 352 1310 quam
378 1231 463 1292 cinci.
504 1229 643 1294 Consules
675 1229 780 1292 deinde
807 1229 941 1290 Fabianis
968 1229 1086 1301 artibus,

171 1327 276 1384 guum
295 1309 439 1370 debellare
465 1320 594 1388 possent,
619 1309 727 1368 bellum
754 1307 884 1368 traxisse.
924 1305 960 1366 Id
986 1305 1086 1371 foedus

175 1384 254 1444 iuter
267 1406 369 1458 omnes,
378 1387 488 1448 nobiles
501 1389 610 1450 ictum:
630 1406 685 1446 nec
698 1387 785 1446 finem
799 1398 867 1444 ante
885 1383 953 1445 belli
973 1385 1086 1449 habitu-

171 1481 237 1532 ros,
258 1483 348 1542 quam
372 1466 519 1526 consulem
545 1485 612 1524 vere
631 1463 789 1554 plebeium,
813 1463 842 1522 id
866 1475 921 1531 est,
940 1461 1086 1534 hominem

170 1556 293 1610 ,notum
305 1542 450 1602 iecissent.
462 1561 531 1600 uam
549 1541 677 1618 plcbetos
699 1539 809 1599 nobiles
830 1543 890 1618 jam
913 1537 1012 1600 iisdem
1033 1543 1086 1600 ini-

178 1617 265 1678 tittos
278 1638 343 1678 esse
359 1619 456 1687 sacris,
476 1631 506 1676 et
525 1631 710 1676 contemnere
728 1618 855 1694 plebem,
878 1637 915 1678 ex
940 1638 997 1696 quo
1017 1639 1085 1678 cou-

171 1695 268 1762 ‚temni
282 1695 417 1762 desierint
430 1714 449 1754 a
462 1695 605 1764 Patribus,
620 1693 759 1773 coepisse.
798 1695 853 1754 Cui
871 1715 928 1754 non
949 1697 978 1754 i'd
998 1716 1086 1788 appa·

174 1791 250 1842 rare,
269 1773 416 1832 illectum
437 1784 467 1832 et
490 1772 651 1850 quaesitum
670 1791 744 1839 esse,
768 1785 801 1831 ut
820 1772 1015 1850 interregnum
1036 1775 1088 1832 mi·

175 1857 262 1918 ratur,
273 1863 310 1910 ut
321 1853 351 1910 in
373 1851 490 1922 Petrum
505 1862 647 1927 potestate
668 1849 784 1908 comitia
804 1849 922 1910 essent?
963 1851 998 1910 ld
1018 1871 1087 1912 cou-

175 1927 367 1996 tulesarnbos
380 1929 418 1986 ad
430 1927 587 1986 exercitum
609 1927 746 1986 morando
768 1929 935 2006 quaesisse:
956 1929 985 1988 id
1005 1943 1085 2006 post-

171 2021 222 2073 ea,
236 2004 305 2080 quia
316 2005 409 2071 irruitis
421 2006 456 2063 iis
469 2003 594 2064 dictator
607 2016 683 2064 esset
701 2003 794 2066 dietus
816 2005 995 2066 comitiorum
1016 2027 1085 2068 cau-

132 2102 137 2112 ¹
175 2082 219 2149 st,
239 2094 435 2158 expugnatum
456 2101 528 2151 esse,
552 2093 584 2140 ut
605 2080 723 2140 vitiosus
743 2079 868 2148 dictator.
887 2104 938 2161 per
958 2076 1082 2164 augures

170 2153 266 2218 fieret.
293 2158 511 2236 baberegigirur
528 2159 724 2237 interregnum
744 2178 803 2218 eos.
843 2161 1029 2222 Consulatum
1052 2185 1083 2235 u-

174 2255 244 2294 num
258 2247 338 2296 certe
350 2237 444 2315 plebis
459 2237 607 2296 Romanae
627 2257 709 2296 esse:
731 2236 867 2316 populum
884 2237 1020 2317 liberum,
1030 2241 1082 2300 ba

170 2314 361 2448 ἓξῐιιςυωο
370 2316 508 2454 ἀεῑιὲῖμιη
526 2315 562 2386 ei,
581 2315 628 2393 qui
652 2313 743 2394 magis
766 2335 832 2374 vere
853 2315 977 2387 sincere,
998 2338 1083 2397 quam

204 2411 268 2460 ur,
347 2413 386 2462 re,
399 2405 488 2468 mu.
1051 2425 1053 2435 ¹

203 2467 272 2556 ‚XX
304 2471 338 2528 V.
379 2473 476 2536 Quum
491 2471 536 2530 his
556 2472 731 2545 orationibus
752 2491 876 2532 accensa
895 2465 977 2550 plebs
998 2488 1083 2543 essct,

168 2548 267 2615 tribus
294 2549 419 2623 patriciis
441 2548 616 2626 petentibus,
644 2549 677 2608 P.
705 2551 838 2608 Cornelio
866 2547 1018 2614 Merenda,
1047 2549 1084 2608 L.

174 2623 289 2688 Manlio
304 2625 440 2694 Volsone,
459 2625 506 2684 M.
520 2626 644 2684 Aemilio
665 2627 786 2702 Lepido,
806 2627 920 2687 duobus
941 2623 1083 2688 nobilibus

171 2702 233 2776 jaas
256 2699 425 2763 familiarum
441 2702 550 2778 plebei,
579 2703 613 2762 C·
634 2703 725 2762 Atilio
748 2705 870 2762 Serrano
889 2714 920 2762 et
941 2705 978 2770 Q,
998 2707 1083 2768 Aelio

166 2775 276 2846 Paeto,
290 2797 411 2858 quorum
425 2779 497 2839 alter
512 2779 653 2858 pontifex,
674 2780 746 2856 alter
765 2799 856 2858 augur
878 2793 948 2852 erat,
969 2781 1003 2846 C.
1024 2785 1081 2863 Te,-

170 2856 394 2925 rentiusconsul
409 2878 483 2918 unus
497 2869 618 2926 creatur,
633 2857 707 2918 utin
727 2877 814 2918 manu
830 2862 901 2938 ‚ejus
916 2880 1012 2924 essent
1032 2885 1081 2926 co·

169 2933 252 2996 initia
265 2937 392 3012 rogando
406 2937 544 3014 colleffle.
586 2935 661 3010 Tum
685 2949 804 3016 experta
819 2937 958 3000 nobilitas
978 2963 1079 3020 parum

169 3011 258 3072 tune
273 3015 371 3074 virium
386 3015 414 3074 in
428 3013 673 3093 competitoribus,
698 3013 733 3077 L.
756 3015 913 3095 Aemilium
936 3019 1078 3088 Paullum,

167 3088 223 3164 ¹<pri
241 3109 306 3150 cum
328 3093 373 3150 Μ.
393 3092 475 3162 Liuio
495 3091 594 3152 consul
615 3091 719 3167 fuerat,
739 3106 769 3152 et
790 3093 972 3156 damnatione
993 3097 1080 3158 colle-

193 3183 238 3234 se,
252 3179 282 3224 et
295 3171 347 3228 sub
367 3189 465 3248 prope,
487 3170 636 3246 ambustus
659 3183 798 3241 evaserat,
819 3171 954 3249 infestum
973 3175 1078 3252 plebei,

184 3243 224 3314 ,iu
237 3261 273 3308 tc
286 3247 406 3308 multum
425 3258 615 3322 recusantem,
634 3247 672 3306 ad
694 3247 861 3326 petitionem
882 3253 1037 3328 compellit.
1056 3251 1080 3308 is

170 3320 305 3398 monimo
318 3324 452 3392 conutiali
466 3325 524 3400 die,
536 3325 761 3394 concedentibus
780 3327 923 3396 omnibus,
944 3330 992 3402 qui
1013 3345 1080 3384 cura

173 3399 304 3465 Varrone
316 3412 508 3474 ,certaverant
529 3419 580 3480 pgr
600 3404 690 3481 magis
707 3405 738 3464 in
757 3403 974 3478 adversandum,
995 3401 1080 3477 quam

174 3477 297 3557 college,
317 3478 402 3570 datur
424 3477 554 3558 consoli,
580 3479 654 3562 lacte
676 3481 818 3559 praetoria
838 3475 954 3548 comitia
972 3475 1081 3550 habito.
