2406 3932
156 299 212 358 tea
416 281 423 298 ‘
510 295 545 355 T.
571 297 705 360 u1v1r

156 449 276 510 Solliciti
298 449 456 529 incertique
475 471 569 512 rerum
583 472 708 525 suarum,
723 455 883 530 Megaram,
898 454 978 516 unde
1000 473 1067 535 pro·

154 528 222 590 l'ecti
243 538 334 596 erent,
354 529 450 588 referri
474 530 556 606 signa
578 535 691 608 ansnt,
718 533 893 610 nunciusque
920 534 958 594 de
986 547 1068 599 statu

154 606 297 684 praesenti
312 606 469 695 Syracusas
488 609 614 669 mittunt.
656 611 794 672 Fraudem
816 631 929 690 quoque
949 613 1067 690 Hippo·

156 695 249 746 cretes
272 683 360 754 addit,
385 685 527 744 inclinatis
548 687 585 746 ad
605 707 720 748 ornnem
740 689 930 766 suspicionem
943 690 1067 756 animis:

155 774 194 832 et,
216 762 397 822 Cretensium
417 765 589 841 quibusdam
609 767 647 826 ad
665 768 767 828 itinere
786 767 935 828 insidenda
963 769 1067 838 missis,

154 841 231 902 velut
245 840 429 918 interceptas,
443 841 548 912 literas,
563 863 634 920 ques
651 844 712 920 ipse
725 859 934 922 composuerat,
949 847 1069 908 recitata

156 929 174 956 “
197 917 348 978 Praetores
377 921 549 998 Syracusani
575 921 684 980 consuli
711 921 879 982 Marcello.”
908 925 1069 986 secundum

155 995 281 1065 salntem,
306 1009 339 1057 ut
366 997 481 1066 assolet,
509 999 644 1076 scriptum
665 1009 745 1058 erat:
774 1001 867 1062 Recte
890 1021 956 1060 eum
979 1014 1070 1078 atque

156 1075 255 1134 ordine
269 1075 380 1143 fecisse,
402 1075 479 1154 quod
496 1076 526 1134 in
540 1076 689 1136 Leontinis
701 1078 771 1136 nulli
786 1079 966 1157 pepercisset.
1008 1079 1070 1142 Sed

155 1154 283 1214 amnium
306 1153 545 1212 mercenariorum
567 1155 691 1214 militurn
711 1157 833 1216 eandem
856 1175 918 1216 esse
938 1175 1069 1227 causam,

154 1248 354 1308 necunquam
378 1230 533 1306 Syracusas
556 1233 711 1310 quieuere,
726 1235 819 1296 donec
842 1235 994 1313 quiequam
1018 1254 1071 1298 ex·

155 1323 300 1371 ternorum
320 1307 490 1364 auxiliorum
514 1320 565 1366 aut
587 1311 617 1366 in
644 1311 725 1380 urhe,
739 1325 791 1370 aut
813 1314 844 1370 in
862 1313 991 1374 exercitu
1005 1329 1071 1384 suo,

155 1397 239 1445 esset.
258 1383 355 1459 itaque
375 1383 456 1442 daret
476 1403 602 1460 operam,
624 1398 656 1444 ut
676 1406 735 1454 eos,
752 1390 799 1464 qui
820 1409 887 1448 cum
911 1392 969 1454 suis
989 1410 1071 1468 prae·

155 1463 263 1520 toribus
284 1475 378 1520 castra
398 1459 436 1520 ad
455 1461 609 1538 Megaram
627 1463 777 1533 haberent,
791 1465 823 1524 in
841 1485 924 1528 suam
942 1482 1070 1544 potesta.

155 1557 216 1600 tern
228 1539 379 1615 redigeret,
394 1558 429 1600 ac
446 1541 586 1617 supplicio
607 1560 705 1600 eorum
726 1542 859 1608 liberaret
872 1545 990 1604 tandmn
1016 1548 1071 1625 Sy-

156 1613 281 1681 racusas.
326 1618 411 1676 Haec
431 1638 520 1694 quum
544 1619 663 1680 recitata
686 1635 791 1690 essent,
816 1641 883 1686 eum
906 1635 988 1682 tanto
1011 1625 1072 1685 cla·

156 1718 235 1756 more
251 1695 286 1756 nd
302 1715 381 1754 arma
401 1696 560 1756 discursum
574 1709 627 1765 est,
643 1708 675 1755 nt
697 1711 842 1775 praetores
864 1701 941 1760 inter
963 1703 1072 1762 tumul·

158 1791 220 1844 tum
234 1775 328 1853 pavidi
342 1776 569 1852 abequitaverint
584 1775 758 1853 Syracusas:
778 1789 807 1834 et
821 1793 858 1834 ne
870 1775 939 1852 fuge
951 1778 1074 1852 quidem

158 1874 256 1918 eorum
281 1853 382 1910 seditio
406 1872 570 1930 compressa
592 1863 645 1918 est,
660 1854 840 1930 impetusque
862 1853 891 1910 in
914 1854 1074 1932 Syracusa-

157 1951 209 1994 nos
225 1931 329 1988 milites
342 1930 459 1988 fiebant.
474 1951 528 1990 nec
548 1933 585 1989 ab
606 1931 665 1989 ullo
685 1943 875 2008 temperatum
888 1931 970 2000 foret,
985 1933 1014 1990 ni
1030 1933 1074 1994 E-

157 2009 274 2090 picydes
295 2019 381 2084 atque
403 2010 597 2086 Hippocrates
616 2011 676 2068 irae
694 2010 883 2069 multitudinis
903 2011 1019 2078 obvians
1031 2015 1072 2072 is·

157 2102 243 2156 senr3
272 2105 330 2142 non
351 2104 369 2147 a
389 2087 582 2147 misericordia
602 2099 652 2146 aut
672 2088 799 2157 humano
818 2089 947 2158 oonsilio,
962 2089 1014 2150 sed
1033 2108 1073 2150 ne

158 2183 238 2242 spent
262 2163 373 2224 reditirs
398 2167 595 2244 praeciderent
619 2167 683 2236 sibi,
705 2179 744 2236 et,
769 2185 858 2244 quum
882 2168 959 2244 ipsos
986 2167 1074 2228 simul

157 2242 262 2306 milites
288 2243 362 2302 fidos
387 2243 537 2314 haberent,
565 2244 649 2304 simul
679 2245 803 2315 obsides,
836 2257 897 2303 tum
931 2257 1073 2319 cognatm

159 2340 272 2399 quoque
292 2340 392 2394 eorurn
412 2333 499 2396 atque
519 2323 627 2381 amicos
647 2334 728 2382 tanto
742 2323 842 2381 merito
855 2323 987 2398 primum,
1001 2321 1072 2382 dein

179 2399 285 2477 ignore,
307 2398 361 2456 sibi
383 2399 586 2457 conciliarent:
617 2404 794 2478 expertique,
815 2419 903 2478 quarn
924 2402 998 2464 vanai
1020 2412 1077 2462 aut,

158 2421 213 2538 levi
237 2478 307 2536 aurai
327 2476 434 2535 mobile
448 2476 549 2552 vulgus
563 2490 650 2546 esset,
665 2480 786 2540 militem
798 2479 897 2538 nancti
910 2497 947 2538 etr
961 2497 996 2536 eo
1017 2497 1071 2540 nn·

159 2577 249 2628 mero,
274 2556 322 2634 qui
349 2556 378 2613 iu
406 2555 556 2616 Leontinis
582 2556 762 2616 circumsessi
785 2568 876 2628 erant,
904 2557 1070 2627 subornant,

159 2649 193 2695 ur
209 2637 366 2711 Syracusas
384 2634 522 2712 perferret
535 2634 672 2694 nuncium
692 2637 910 2698 convenientem
933 2635 985 2702 eis,
998 2651 1076 2711 qnae

160 2711 196 2768 ad
220 2711 333 2783 Mylam
352 2714 425 2774 falso
445 2712 695 2778 nunciassent,
715 2723 919 2789 auctoremque
941 2732 973 2772 se
993 2713 1074 2776 exhi·

160 2785 267 2856 hendo,
287 2806 323 2850 ac
344 2791 422 2850 velut
441 2791 510 2859 visa,
527 2810 600 2867 quae
620 2790 708 2850 dubia
728 2801 818 2858 erant.
838 2791 989 2857 narrando,
1004 2809 1079 2850 can*

161 2863 262 2927 citaret
275 2863 331 2920 iras
345 2866 502 2922 hominurn.

199 2939 326 3000 XXXII.
374 2943 541 2998 Horonon
565 2941 642 3016 apud
663 2941 780 3014 vulgum
803 2940 890 2999 modo
913 2939 986 3000 fides
1008 2942 1075 3014 fuit,
1143 2969 1147 2987 ¹

162 3019 212 3086 sed
227 3030 358 3078 senatum
379 3035 502 3094 quoqne,
516 3019 546 3076 in
559 3017 666 3077 curiam
679 3016 869 3090 introductus,
883 3019 981 3078 morit.
993 3019 1078 3084 noue,

161 3099 226 3160 vani
241 3097 355 3176 quidam
375 3095 508 3156 homines
525 3097 623 3176 palam
641 3095 724 3165 ferae,
739 3097 868 3174 perbene
878 3097 1023 3160 detectam
1043 3101 1078 3162 in

161 3177 312 3241 Leontinis
336 3195 398 3240 esse
422 3177 569 3240 avaritiam
593 3188 622 3236 et
647 3175 853 3237 crudelitatem·
866 3175 1071 3240 Romanorum.

161 3257 273 3326 eadem,
287 3256 311 3314 si
331 3257 484 3317 intrassent
509 3257 675 3336 Syracusas,
689 3265 740 3313 sot
759 3253 888 3317 foediora
906 3255 1002 3325 aaut,
1017 3275 1073 3333 que

161 3340 255 3415 majus
268 3334 312 3398 ibi·
322 3334 455 3397 avaritiae
469 3335 628 3412 praemium
641 3347 726 3403 esset,
740 3333 866 3394 facturos
879 3331 975 3396 fusae·
1014 3333 1072 3395 Its-

162 3433 218 3488 que
238 3415 414 3475 claudendas
433 3415 531 3474 cuncti
549 3426 657 3508 portas,
676 3423 706 3474 et
726 3412 941 3476 custodiendam
962 3413 1073 3482 urbem,

162 3507 290 3553 censere.
332 3495 390 3557 Sed
403 3513 461 3554 non
478 3495 517 3556 ab
531 3493 639 3555 eisdem
653 3511 752 3552 omnes
765 3493 874 3561 timere,
888 3511 943 3556 nec
955 3487 1074 3552 easdem

164 3563 269 3626 odere.
308 3575 346 3636 ad
372 3574 493 3638 militare
516 3592 616 3654 genus
632 3589 727 3644 omne,
749 3583 916 3651 nummula
939 3585 1077 3647 mltum·
