2406 3932
195 213 251 271 l68
546 203 580 264 T.
608 203 750 265 LIVII

193 363 331 424 aetatium
344 342 531 439 ordinumque
550 356 774 436 multitudinem,
795 371 824 421 et
846 367 999 441 vagantem
1022 361 1052 422 in
1072 383 1103 424 a·
1185 345 1186 440 i

192 439 249 520 gris
263 459 367 518 magna
380 451 510 519 exparte
523 437 672 510 inermem,
692 436 841 498 Hamilcar
854 437 970 498 Poenus
990 443 1103 520 equites
1185 455 1186 472 ¹

193 519 305 588 emisit;
325 519 382 596 qui,
393 517 499 576 violare
512 535 683 598 quemquam
698 517 786 585 vetiti,
807 526 927 583 tantum,
949 529 981 576 ut
1001 519 1102 580 exclu-

192 597 294 656 derent
307 598 344 655 ab
359 596 431 655 urbe
450 596 520 673 fuga
540 593 701 672 dissipatos,
721 608 829 655 turmas
848 595 988 672 objecere.
1028 597 1105 657 Dux
1185 603 1186 624 ³

192 675 263 753 ipse,
276 675 341 733 loco
355 675 501 752 superiore
514 685 610 751 capto,
625 673 702 732 unde
721 691 804 750 agros
824 674 981 750 urbemque
1000 689 1102 751 posset

191 753 366 830 conspicere,
401 752 579 812 Bruttiorum
605 751 754 811 cohortem
779 750 859 811 adire
882 769 988 821 muros,
1013 761 1103 831 atque

190 849 310 890 evocare
324 828 466 908 principes
486 829 671 889 Locrensium
685 829 722 887 ad
742 827 926 906 colloquium,
946 829 1041 909 jussit,
1061 844 1101 901 et,
1185 881 1186 902 ,

189 904 360 988 pollicentes
386 907 540 968 amicitiam
567 907 745 977 Hannibalis,
770 906 915 964 adhortari
937 906 975 964 ad
997 909 1100 968 urbem

188 985 368 1046 uadendum.
409 985 528 1044 Bruttiis
541 984 570 1044 in
584 985 726 1062 colloquio
740 985 845 1042 nullius
857 984 898 1042 rei
917 983 1011 1062 primo
1029 986 1102 1046 fides

189 1075 254 1126 ests
274 1064 388 1133 deinde,
401 1074 434 1121 ut
449 1063 563 1122 Poenus
583 1063 716 1142 apparuit
735 1063 765 1120 in
788 1062 918 1130 collibus,
940 1073 971 1120 et
994 1063 1101 1142 murgi-

189 1153 272 1203 entes
285 1143 369 1220 pauci
383 1141 466 1200 aliam
480 1157 597 1200 ornnem
609 1141 821 1200 multitudinem
836 1139 864 1198 iu
876 1141 1105 1217 potestatehos·

187 1219 261 1281 tium
281 1237 344 1278 esse
366 1213 546 1286 offerebam
572 1231 644 1288 tum,
665 1231 746 1278 metu
767 1219 843 1289 uicti,
866 1218 1052 1278 consulturus·
1067 1233 1101 1280 se
1185 1223 1186 1278 i

189 1298 327 1378 populum
349 1295 566 1430 responderunt.
590 1297 792 1374 advocatique
813 1296 961 1374 extempio
984 1298 1104 1359 concio·

189 1395 235 1446 ne,
251 1393 338 1455 quum
352 1385 393 1433 et‘
406 1373 554 1432 evissimus
568 1373 688 1452 quisquc
701 1391 849 1432 novasres
873 1391 1035 1454 novamque
1053 1395 1100 1436 so·
1132 1395 1135 1399 ⁴

191 1456 326 1515 eistatem
345 1451 472 1522 mallent,
502 1463 541 1522 et,
565 1467 687 1532 quorum
711 1450 862 1530 propinqui
888 1462 970 1510 extro
997 1455 1114 1514 uitem
1185 1477 1186 1482 ¹

188 1531 336 1592 interclusi
350 1533 390 1591 ab'
402 1531 534 1590 hostibus
554 1541 646 1603 erant,
665 1531 743 1592 velut
762 1527 913 1590 obsidibus
932 1528 1016 1598 datis,
1037 1531 1101 1610 plgs

187 1623 304 1670 neratos
324 1611 466 1672 haberent
485 1610 604 1680 animos,
625 1609 710 1687 pauci
733 1609 824 1684 magis
847 1607 927 1666 taciti
946 1609 1102 1685 probarem
1164 1651 1166 1657 ι

188 1689 478 1756 mastaurensium,
493 1705 578 1764 quam
592 1684 830 1762 probatam-tueri
844 1685 1003 1753 arrderent3
1022 1687 1102 1747 haud

188 1768 278 1828 dubio
296 1767 326 1823 in
347 1766 472 1841 speciem
492 1781 634 1820 consensu
654 1761 687 1818 fit
706 1760 744 1817 ad
768 1759 882 1816 Poenos
906 1760 1024 1820 deditio.
1065 1765 1102 1824 Ia.

188 1841 288 1916 Atilio,
309 1840 454 1918 praefecto
475 1836 615 1914 praesidii,
676 1837 745 1914 ique
765 1852 833 1894 cum
854 1855 890 1896 eo
912 1837 1020 1900 milites
1041 1841 1102 1902 Ru.

165 1935 171 1948 ’
186 1919 263 1980 mani
278 1929 368 1984 erant,
383 1916 456 1974 clam
471 1915 631 1994 inportuni
664 1914 784 1984 eductis,
854 1933 901 1975 ue·
911 1914 1058 1994 impositis·
1071 1921 1102 1980 in

187 2013 282 2065 nates,
297 2005 329 2052 ut
350 1992 497 2070 Rhegium
516 1993 735 2065 deueherentur,
752 1993 846 2053 'Humi
858 2007 953 2075 uatem
974 1995 1109 2058 Poenos·

208 2093 243 2133 ue
267 2073 304 2134 ed
330 2072 505 2142 conditione,
526 2083 559 2132 ut
580 2071 683 2132 foedus
703 2071 849 2152 extemplo
870 2073 968 2152 aequis
988 2075 1109 2152 legibus

186 2097 277 2222 deret,
292 2152 321 2210 in
335 2152 437 2212 urbem
451 2162 634 2230 acceperunt.
654 2153 738 2229 cnjus
757 2149 799 2210 rei
820 2167 911 2229 prope
929 2169 988 2210 non
1007 2169 1102 2212 serta·

188 2245 218 2292 ta
231 2231 303 2292 fides
317 2229 422 2289 deditis
435 2240 489 2300 est,
504 2246 592 2308 quum
606 2229 707 2288 Poenu
756 2229 850 2366 e‹ppd'
882 2227 920 2288 iss
941 2229 1044 2366 vsssso'
1089 2257 1102 2279 ι
1185 2225 1186 2232 '

187 2327 257 2386 num
272 2311 425 2379 incusaret,
439 2307 600 2368 Locrenses
612 2307 696 2386 profu
717 2321 741 2365 rs
777 2247 959 2384 ⁸riisiid‘riu
993 2249 1101 2388 reug.

189 2389 317 2449 insecuti
332 2387 419 2447 etlam
432 2387 543 2465 equites
556 2397 633 2456 sunt,
651 2385 675 2444 si
693 2401 750 2465 qno
770 2401 839 2444 casu
858 2384 889 2454 in
909 2385 983 2446 freto
1004 2400 1105 2448 aestus
1185 2461 1186 2464 Ἴ

176 2468 301 2539 (morari,
316 2477 365 2526 aut
378 2463 490 2525 deferre
503 2479 589 2524 nates
609 2463 640 2523 in
660 2475 774 2533 terram,
794 2472 900 2542 possets
920 2473 951 2522 et
970 2467 1102 2544 eosqui·
1185 2465 1186 2488 l

189 2550 266 2618 dem,
281 2565 352 2627 quos
366 2545 567 2624 sequebantur,
587 2561 647 2601 non
665 2554 732 2604 suut
745 2541 863 2620 adeptis
882 2541 962 2613 aliae,
982 2561 1000 2604 a
1020 2543 1101 2605 Mes·

189 2641 259 2692 sana
282 2623 457 2704 trajicientes
482 2623 557 2682 freto
583 2619 739 2699 Rhegium,
766 2637 854 2680 naves
880 2635 1101 2705 conspexerunt.

189 2695 300 2756 Milites
316 2713 396 2760 erunt
412 2699 546 2770 Romani,
566 2719 584 2759 a
603 2699 725 2759 Claudio
797 2711 877 2758 crore
896 2701 974 2760 missi
992 2702 1030 2760 ad
1049 2702 1100 2761 oli-

188 2773 336 2832 tinendam
351 2780 451 2834 urbem
465 2777 617 2854 praesidio.
635 2778 733 2853 itaque
776 2773 860 2850 hegio
873 2779 1021 2856 extemplo
1035 2781 1102 2838 abs-

188 2863 301 2910 cessum
328 2863 382 2910 est.
422 2851 722 2925 Locrensibus‘Jussu
745 2845 924 2906 Hannibalis
942 2851 1012 2910 data
1031 2871 1099 2934 pax,

187 2925 387 2989 utrrnerr'suis
399 2925 512 3002 legibus
525 2925 670 2993 viveretn3
689 2925 757 2984 urbs
772 2935 884 3001 pateret
898 2924 1013 3000 Poenis,
1034 2949 1102 3010 pnr-
1185 2955 1186 2978 t

188 3005 286 3068 turin
309 3014 483 3086 potestatem
505 3001 694 3064 Locrensium
715 3015 809 3063 esset:
838 3003 963 3066 societas
982 3013 1100 3088 cointe

189 3097 287 3158 staret,
315 3097 348 3146 ut
371 3081 488 3144 Poenus
511 3085 697 3157 Locrensem,
723 3081 934 3164 Locrensisque
958 3087 1099 3158 Poenum,
1185 3151 1186 3172 χ

189 3163 535 3248 ρᾳοσεοὺεηοῇυνετει.
1097 3167 1100 3172 ’

228 3243 279 3304 ΙΙ.-
311 3245 364 3306 S1c
384 3243 494 3304 efreto
515 3239 606 3317 Poeni
626 3237 746 3312 reducti,
762 3239 953 3302 frementum
970 3243 1100 3314 Burttiis,

188 3323 267 3403 quod
281 3319 426 3404 Rhegium
440 3340 475 3383 ae
487 3321 607 3392 Locros,
620 3340 692 3400 quas
712 3321 797 3380 urbes
817 3319 976 3402 direpturos
997 3341 1028 3381 se
1047 3323 1100 3382 nea

187 3401 373 3476 atiuaverant,
397 3401 518 3462 intactas
544 3399 733 3478 reliquissent.
772 3399 878 3480 Itaque
901 3413 951 3480 per
976 3417 1009 3458 se
1033 3399 1100 3490 ipah

189 3483 360 3566 conscriptis
379 3482 549 3563 armatisque
567 3479 725 3561 juventutis
741 3497 813 3540 susc
834 3475 1100 3558 murocinetum
1185 3509 1186 3596 p
