2386 3930
160 221 218 281 206
510 209 545 272 T.
573 209 715 272 LIVlI

159 371 244 433 acciti
266 391 284 430 a
306 369 505 449 proditonhus,
526 369 715 448 nequicquam
738 365 776 425 ari
800 365 937 426 Hennam
961 363 1071 428 exerci-

160 463 221 511 tum
236 449 436 509 admovissent.
475 447 630 506 Marcellus
652 459 729 506 retro
749 445 777 502 in
798 445 955 504 Leontinos
975 448 1070 506 redit:

159 529 359 605 humentoque
378 537 410 585 et
429 527 637 586 commeatibus
660 525 722 582 aliis
745 523 772 580 in
796 533 888 581 castra
911 524 1069 596 consectis,

158 605 300 686 praesidio
319 605 434 663 modico
460 605 500 663 ibi
526 603 636 672 relicto,
660 601 698 662 ad
720 601 740 660 S
760 618 875 659 mensas
897 602 1074 661 obsidendas

159 684 246 742 venit.
258 681 326 740 inde
346 685 404 756 Ap.
426 681 548 742 Claudio
562 680 686 740 Romam
710 621 946 738 adcensuluum
969 689 1071 758 peten-

160 762 229 822 dum
243 759 339 830 misso,
359 759 395 818 Τ.
409 759 577 825 Quinctium
592 758 753 836 Crispinum
766 757 796 814 in
810 759 872 834 ejus
888 757 982 815 locum
996 757 1073 816 clas·
1174 751 1175 768 ²

160 839 183 897 ri
202 837 359 916 castrisque
377 837 516 916 praefecit
529 838 691 896 veteribusr
709 834 772 912 ipse
791 833 977 894 hibernacula
990 839 1074 913 quin·

160 935 217 994 que
244 915 333 974 millia
352 935 488 996 passuum
516 913 669 994 Hexapylo
690 911 815 989 (Leonta
835 923 944 971 vocant
962 912 1073 990 locum)

161 993 339 1062 communiit,
366 993 592 1071 aedificavitque.
641 991 726 1052 Haec
751 989 782 1051 in
806 989 903 1051 Sicilia
922 1009 1013 1070 usque
1033 991 1073 1050 ad

162 1071 334 1156 principium
353 1070 453 1130 hiemis
473 1083 564 1149 gesta.
986 1092 990 1102 ·

201 1149 266 1206 XL.
306 1149 426 1206 Eannur
453 1159 564 1208 aestate
588 1157 619 1206 et
639 1163 706 1206 oum
730 1138 867 1222 Philippo
888 1161 965 1223 rege,
992 1147 1076 1224 quod

157 1233 219 1309 jam
231 1235 299 1282 ante
312 1237 477 1302 suspectum
496 1225 599 1294 fuerat,
620 1235 730 1284 motum
749 1223 860 1282 bellum
876 1235 932 1283 est.
967 1221 1077 1302 Legati

160 1305 198 1362 ab
218 1301 310 1358 Orico
328 1302 366 1358 ad
389 1302 435 1358 M.
455 1301 600 1359 Valerium
622 1311 784 1376 praetorem
804 1313 953 1371 venerunt,
968 1302 1078 1380 praesi·
1174 1351 1175 1366 .

160 1379 276 1439 dentem
298 1377 382 1436 classi
408 1376 561 1435 Brundisio
584 1376 792 1452 Calabriaeque
815 1376 892 1434 circa
918 1379 1076 1450 littoribus,

161 1455 341 1525 nunciantes,
369 1455 533 1534 Philippum
568 1453 693 1533 primurn
723 1451 896 1530 Apoloniam
935 1458 1079 1530 tentasse,

158 1533 264 1594 lembis
284 1535 441 1608 biremibus
463 1544 578 1592 centum
600 1531 700 1609 viginti
722 1530 840 1588 flumine
860 1529 978 1590 adverso
1003 1535 1080 1593 sub·

149 1621 296 1672 ¹vectum:
317 1612 431 1681 deinde,
445 1622 478 1669 ut
501 1629 536 1672 ea
551 1629 598 1671 res
610 1608 717 1669 tardior
730 1607 887 1686 spe‘fuerit,
901 1609 937 1667 ad
953 1609 1078 1671 Oricum

163 1693 239 1752 clam
252 1702 340 1750 nocte
360 1691 518 1750 exercitum
531 1689 710 1755 admovisse;
729 1705 851 1764 eamque
863 1687 975 1757 urbem,
990 1688 1077 1747 sitam

162 1771 192 1828 in
212 1771 307 1848 plano,
321 1787 415 1844 neque
435 1767 593 1834 moenibus,
607 1782 702 1840 neque
714 1764 779 1821 siris
802 1772 890 1840 atque
908 1765 1004 1836 amris,
1024 1785 1078 1826 va·

162 1845 259 1914 lidam,
284 1845 375 1922 primo
394 1845 503 1920 impetu
524 1859 689 1976 oppressam
713 1859 786 1899 esse.
828 1841 913 1901 Haec
935 1843 1077 1904 nuncian-
1174 1911 1175 1918 ἶ

163 1935 207 1982 tes
227 1923 356 1988 orabant,
384 1930 417 1976 ut
443 1938 528 1997 opem
565 1928 649 1988 erret,
663 1919 835 1996 hostemque
854 1920 933 1979 haud
953 1921 1076 1980 dubium
1174 1919 1175 1934 ¹

163 1997 303 2058 Romanis
316 1999 392 2056 terra
405 2008 456 2056 aut
466 1997 613 2056 maritimis
623 1997 729 2056 riribns
743 2009 871 2068 arceret;
891 1999 939 2077 qui
953 2001 991 2058 ob
1009 1999 1077 2058 nul-

161 2079 220 2135 lam
240 2076 326 2133 aliam
346 2093 472 2146 causam,
490 2075 546 2134 ‘nisi
566 2076 643 2154 quod
663 2075 843 2136 imminerent
862 2076 972 2145 Italiae,
993 2091 1077 2156 pete-
1174 2081 1175 2130 l

79 2165 83 2174 '
161 2166 270 2213 rentur.
310 2153 356 2212 M.
371 2153 511 2222 Valerius,
525 2154 666 2232 praesidio
687 2153 744 2212 loci
765 2155 826 2230 ejus
845 2155 946 2213 relicto
967 2154 1000 2213 P.
1015 2155 1077 2214 Va·
1144 2221 1147 2228 ,

162 2232 233 2292 lerio
261 2232 367 2308 legato,
392 2249 459 2290 curn
486 2231 738 2290 classefinstructs
760 2241 925 2307 parataque,
945 2241 975 2288 et
995 2234 1077 2307 quod

162 2311 267 2388 longae
281 2329 368 2369 naves
382 2309 502 2366 militum
517 2312 621 2385 capere
640 2327 697 2366 non
717 2317 858 2384 poterant,
879 2307 909 2365 in
928 2309 1078 2370 onerarias

163 2388 313 2469 impositis,
335 2387 425 2446 altero
439 2385 486 2446 die
500 2385 619 2444 Oricum
643 2384 789 2463 persenit:
816 2387 976 2464 urbemque
999 2404 1077 2460 eam,

164 2470 220 2527 levi
246 2477 363 2527 tenente
390 2464 540 2542 praesidio,
561 2463 639 2543 quod
660 2461 799 2522 recedens
825 2463 893 2524 inde
923 2463 1078 2542 reliquerat

164 2547 324 2626 Philippus,
347 2543 426 2602 haud
449 2562 553 2620 magno
577 2541 734 2601 certamine
757 2543 876 2619 recepit.
914 2541 1017 2618 Legati
1037 2563 1076 2602 eo
1174 2583 1175 2586 =

164 2625 202 2680 ab
228 2623 383 2700 Apollonia
405 2633 552 2692 venerunt,
579 2621 750 2680 nunciantes
775 2620 806 2678 in
829 2618 978 2680 obsidione
1000 2639 1075 2693 sese,
1174 2649 1175 2684 r

165 2698 243 2776 quod
256 2701 379 2758 deficere
392 2701 429 2758 ab
446 2699 583 2759 Romanis
596 2699 715 2769 nollent,
729 2716 809 2757 esse:
828 2708 922 2776 neque
936 2698 1078 2758 sustinere

164 2776 240 2832 ultra
259 2775 316 2831 vim
336 2777 534 2836 Macedonum
557 2795 651 2854 posse,
671 2777 724 2834 nisi
769 2774 921 2834 raesidium
945 2776 1079 2836 mittatur

164 2853 339 2912 Romanum.
379 2851 533 2910 Facturum
554 2871 594 2920 se,
616 2871 689 2928 quae
709 2795 822 2919 vellent,
842 2851 997 2926 pollicitus,
1017 2853 1078 2914 duo

166 2929 254 2990 millia
273 2927 449 2985 delectorum
471 2928 592 2985 militum
611 2928 731 2983 nauibus
750 2926 842 3003 longis
862 2926 950 2986 mittit
969 2929 1009 2988 ad
1029 2951 1077 2992 os·

167 3009 238 3076 tium
251 3003 383 3084 fluminis,
398 3023 465 3063 cum
481 3003 627 3082 praefecto
646 3003 757 3062 socium
777 3004 815 3068 Q.
837 3002 948 3072 Naevio
970 3007 1074 3080 casta,

166 3088 226 3145 viro
239 3083 367 3163 impigro,
382 3094 412 3141 et
425 3085 524 3161 ¹perito
544 3081 670 3141 militiae.
709 3080 749 3153 ls,
770 3082 906 3160 expositis
926 3083 956 3141 in
970 3097 1075 3146 terram

166 3163 312 3232 militibus,
336 3162 511 3240 navibusque
535 3161 654 3220 Oricum
680 3170 765 3240 retro,
792 3161 868 3219 unde
887 3175 1014 3234 venerat,
1038 3165 1076 3224 ad

167 3255 293 3304 ceteram
316 3239 437 3298 classem
457 3241 589 3310 remissis,
603 3238 708 3297 milites
730 3239 830 3316 procul
851 3255 869 3297 a
888 3240 1006 3300 flumine
1024 3261 1075 3320 per

167 3322 244 3378 viam'
266 3318 382 3378 minime
394 3320 431 3378 ab
440 3351 442 3356 ,
451 3318 536 3397 regiis
557 3319 702 3378 obsessam
716 3317 808 3388 duxit,
822 3327 852 3377 et
865 3329 968 3386 'nocta
981 3319 1022 3378 ita
1042 3333 1074 3378 ut

167 3415 255 3456 nemo
276 3397 403 3458 hostium
417 3399 542 3468 sentiret,
562 3398 664 3454 urbem
678 3406 721 3454 est
737 3395 890 3474 ingressus.
930 3397 987 3455 Die
999 3395 1073 3454 inse·

170 3475 266 3545 quenti
288 3479 429 3554 quievere,
443 3477 512 3537 dum
533 3475 693 3557 praefectus
712 3477 891 3554 juventutem
907 3472 1073 3554 Apollonia·
