2534 4010
41 177 47 182 ¹
147 189 220 288 Ta
554 225 589 286 r.
616 225 757 287 nrvrr

200 383 277 444 Nam
303 402 396 462 neque
416 382 567 443 validiores
593 385 696 462 opibus
722 383 798 444 ullae
825 384 900 445 inter
921 403 954 444 se
977 385 1114 448 civitates·
1138 439 1146 450 ,

198 477 358 542 gentesque
385 463 568 521 contulemnt
594 481 681 532 arma,
710 481 803 540 neque
829 463 874 522 his
900 463 967 540 ipsis
994 477 1107 524 tantum

54 525 57 534 ¹
140 609 145 622 ,
199 561 324 620 unquam
344 540 445 598 virium
465 551 516 598 aut
535 541 645 600 roboris
657 541 731 600 fuit:
759 548 789 600 et
808 541 887 600 haud
906 543 1018 619 ignotas
1040 545 1108 602 belli

197 631 274 694 artes
297 619 372 678 inter
393 637 426 677 se
449 619 499 677 sed
521 631 654 697 expertas
675 621 765 698 primo
788 619 1117 698 Punicoconserebant

195 697 283 767 bello,
297 708 328 756 et
347 696 420 754 adeo
440 696 517 754 varia
535 698 603 756 belli
623 698 738 758 fortuna
760 717 923 776 ancepsque
940 697 1022 756 Mars
1040 697 1104 768 fuit,

196 788 229 834 ut
244 775 368 854 propius
377 774 535 852 pericnlum
547 776 662 848 suerint,
676 779 724 855 qui
736 775 875 834 vicerunt.
916 775 999 834 Odiis
1019 775 1105 836 e'tiam

197 873 285 932 prope
306 853 460 930 maJ'oribus
482 856 636 924 certarunt,
657 873 743 930 quarn
759 853 884 912 viribus:
906 854 1044 913 Romanis
1060 855 1106 912 in-

196 933 389 1008 dignantibus,
405 931 481 1010 quod
495 933 649 992 victoribus
663 931 730 990 victi
754 931 829 990 ultro
851 932 988 992 inferrent
1010 951 1106 1000 arms;

195 1010 310 1080 Poenis,
331 1010 408 1088 quod
432 1013 554 1088 superbe
575 1027 718 1088 avareque
741 1009 891 1071 crederent
912 1011 1106 1087 imperitatum

194 1089 277 1146 victis
291 1107 364 1148 esse.
404 1087 492 1146 Fama
505 1088 602 1145 etiamr
612 1099 665 1156 est,
681 1087 877 1149 Hannibalern
898 1106 1038 1146 annorum
1050 1089 1107 1147 fer-

193 1185 241 1224 me
261 1186 374 1235 uorem,
394 1165 541 1242 pueriliter
562 1165 758 1227 blandientem
781 1167 855 1244 patri
882 1165 1050 1236 Hamilcari,
1073 1177 1106 1224 ut

194 1245 349 1303 duceretur
368 1243 397 1300 in
420 1243 599 1319 Hispaniam,
625 1263 722 1322 quum,
746 1245 874 1322 perfecto
899 1244 998 1302 Africo
1018 1244 1105 1314 bello,

195 1321 354 1381 exercitum
378 1339 413 1379 eo
434 1323 615 1396 trajecturus,
640 1324 822 1394 sacrificaret,
846 1323 984 1382 altaribus
1007 1323 1106 1384 admo·

194 1413 268 1470 tum,
289 1397 374 1458 tactis
398 1398 485 1456 sacris
505 1401 691 1477 J'urejurando
711 1402 856 1470 adactum,
877 1420 917 1472 se,
939 1420 1027 1478 quum
1050 1402 1106 1478 pri·
1168 1403 1171 1407 “

193 1497 274 1536 mum
295 1487 401 1568 posset,
416 1476 528 1536 hostem
552 1479 613 1538 fore
636 1481 743 1558 populo
765 1481 908 1538 Romano.
948 1481 1106 1554 Angebant

159 1569 165 1590 ⁸
194 1554 318 1634 ingentrs
333 1555 447 1634 spiritlrs
460 1554 551 1614 virum
570 1556 665 1616 Sicilia
680 1558 865 1636 Sardiniaque
879 1556 1018 1615 amissae:
1038 1575 1105 1614 nam

195 1645 226 1692 et
251 1633 376 1692 Siciliam
391 1633 474 1694 nimis
495 1635 580 1694 celeri
594 1635 791 1716 desperatione
814 1655 910 1695 rerum
930 1653 1106 1702 concessam,

114 1715 118 1723 '
195 1723 225 1770 et
241 1711 400 1772 Sardiniam
421 1713 496 1773 inter
519 1726 630 1772 motum
655 1715 771 1771 Africae
784 1713 1106 1791 fraudeRomanorum,

193 1789 336 1869 stipendio
351 1791 437 1850 etiam
450 1793 567 1865 insuper
579 1791 721 1866 imposito,
735 1789 941 1868 interceptamg
951 1795 966 1842 ,’
1037 1855 1039 1860 χ
1075 1845 1076 1850 1

132 1875 135 1881 '
213 1869 273 1925 ll.
314 1869 377 1924 Hrs
399 1866 500 1922 anxius
522 1865 605 1934 curis,
620 1865 664 1923 ita
680 1885 712 1924 se
732 1865 832 1924 Africo
853 1865 939 1936 bello,
954 1866 1032 1944 quod
1050 1865 1105 1926 fuit

194 1947 248 2004 sub
271 1955 415 2002 recentem
441 1942 601 2000 Romanam
616 1961 727 2022 pacem,
741 1963 793 2024 per
813 1944 938 2023 quinque
951 1963 1050 2015 annos,
1065 1945 1105 2004 ita

193 2021 298 2083 deinde
311 2039 414 2079 novem
434 2019 515 2078 annis
529 2019 558 2078 in
582 2022 724 2100 Hispania
744 2023 1001 2102 angendoPunico
1015 2025 1104 2103 impe-

193 2103 235 2160 rio
258 2099 355 2176 gessit,
375 2109 407 2157 ut
425 2113 584 2177 appareret,
609 2105 798 2179 majascum,
821 2105 906 2181 quarn
928 2103 1005 2179 quod
1024 2122 1104 2178 gere-

193 2190 246 2246 ret,
272 2178 379 2254 agitare
405 2178 435 2235 in
462 2179 557 2237 animo
580 2179 707 2248 bellum;
737 2191 776 2248 et,
799 2181 822 2236 si
849 2180 956 2236 diutius
978 2179 1103 2247 vixisset,

193 2256 361 2316 Hamilcare
384 2256 459 2314 duce
487 2257 601 2314 Poenos
626 2275 705 2314 arma
732 2255 833 2315 ltaliae
859 2256 986 2314 illaturos
1007 2255 1104 2324 fuisse,
1182 2277 1186 2284 ¹

193 2335 241 2414 qui
256 2333 429 2392 Hannibalis
442 2334 532 2392 ductu
545 2335 711 2393 intulerunt.
751 2335 834 2394 Mors
848 2333 1021 2392 Hamilcaris
1041 2353 1105 2412 per·

192 2426 355 2492 opportuna
382 2423 412 2471 et
438 2412 562 2490 pueritia
589 2413 762 2472 Hannibalis
789 2411 960 2471 distulerunt
986 2412 1105 2472 bellurn.

118 2505 121 2510 ·
192 2491 311 2552 Medius
335 2490 502 2550 Hasdrubal
523 2492 598 2551 inter
621 2504 732 2570 patrem
760 2491 901 2550 etlilium
925 2503 992 2550 octo
1015 2489 1105 2549 ferme

193 2591 284 2631 annos
307 2570 457 2650 imperium
477 2571 620 2630 obtinuit:
648 2573 719 2630 flore
739 2568 850 2642 aetatis,
865 2569 907 2627 uti
926 2569 1031 2638 ferunt,
1049 2569 1105 2646 pri·

193 2669 241 2708 mo
266 2651 425 2709 Hamilcari
445 2649 633 2726 conciliatum
659 2669 751 2728 gener
770 2647 836 2708 inde
855 2649 892 2708 ob
916 2647 1005 2707 altam
1024 2646 1105 2704 indo-

191 2727 249 2786 lem
274 2739 410 2804 provecto
430 2729 511 2786 annis
531 2727 666 2798 adscitus,
680 2741 719 2798 et,
734 2729 801 2804 quia
813 2746 902 2802 gener
921 2738 990 2794 erat,
1005 2725 1105 2782 factio·

191 2805 236 2864 nis
250 2803 391 2861 Barcinae
410 2805 521 2880 opibus,
536 2821 609 2879 quae
631 2805 708 2878 apud
730 2803 834 2858 milites
854 2802 1027 2877 plebemque
1040 2799 1105 2876 plus

193 2900 279 2962 quam
302 2879 433 2939 modicae
456 2889 546 2947 erant,
566 2878 647 2937 *haud
670 2897 740 2936 sane
764 2877 911 2937 voluntate
934 2875 1104 2954 principum,

191 2959 312 3038 inrperio
339 2959 456 3040 potitus.
504 2955 542 3025 ls,
563 2957 646 3034 plura
669 2955 796 3023 consilio,
820 2963 905 3032 quam
926 2956 964 3026 vi,
991 2975 1103 3033 gerens,

192 3037 324 3116 hospitiis
350 3035 512 3112 regulorum
539 3036 639 3112 magis,
667 3034 908 3112 conciliandisque
931 3053 982 3113 per
1008 3033 1105 3092 amici-

192 3118 263 3175 tiam
305 3114 444 3192 n'ncipum
467 3113 548 3171 novis
568 3113 712 3190 gentibus,
732 3130 817 3190 quam
838 3114 916 3172 bello
936 3123 987 3171 aut
1009 3115 1104 3183 armis,

193 3195 254 3252 re'rn
299 3191 537 3268 arthaginiensem
552 3192 644 3250 auxit.
682 3191 818 3250 Ceterum
839 3191 927 3249 nihilo
948 3193 974 3249 ei
988 3209 1046 3270 pax
1059 3205 1104 3250 tu·

193 3273 248 3332 tior
270 3269 334 3331 fuit.
351 3272 491 3328 'barbarus
511 3289 578 3329 eum
598 3269 713 3348 quidam
736 3270 841 3348 palam,
860 3271 898 3328 ob
923 3270 994 3328 iram
1018 3271 1103 3328 inter·

194 3351 265 3411 iecti
281 3350 324 3408 ab
345 3368 381 3408 eo
403 3349 520 3418 domini,
543 3347 740 3416 obtruncavit;
768 3345 1048 3426 comprehensusque
1065 3347 1103 3402 ab

196 3424 447 3490 circumstantibus
472 3427 552 3487 baud
574 3427 639 3498 alio,
666 3439 753 3505 quam
779 3427 803 3485 si
830 3428 975 3495 evasisset,
1001 3423 1102 3486 vultur

191 3510 344 3571 'tormentis
366 3527 480 3589 quoque
502 3527 589 3587 quum
603 3507 784 3581 laceraretur,
800 3525 836 3566 eo
854 3506 910 3568 iirit
922 3503 1022 3565 babitu
1036 3499 1102 3570 oris,
