2406 3932
314 243 320 248 ·
438 215 596 288 Linea
613 213 741 288 'xllnn
986 226 1042 297 tlt

135 385 208 445 llius
244 381 329 462 tidem
342 379 479 444 Hieronis
489 393 550 444 tote
563 386 601 444 ab
619 385 782 446 deiectione
796 375 1043 443 austudunen-

137 483 194 544 quc
237 464 290 536 elo,
312 463 453 520 maximus
474 463 576 539 stirpis,
597 465 765 541 contempti
789 461 872 520 simul
893 473 1042 522 senectute

136 541 232 620 patris,
244 541 326 600 simul
341 549 406 617 post
421 539 603 598 Cannensem
616 540 727 598 cladem
749 540 881 598 Romana
895 541 1042 611 societate,

137 619 174 678 ad
189 619 302 678 Poenus
316 617 440 685 dessein
460 614 650 692 movissetque
664 617 692 673 in
708 616 804 678 Sicilia
816 633 871 686 ree,
893 617 946 676 nisi
967 631 1043 678 murs

137 695 210 756 adeo
223 705 395 774 opportuna,
419 704 452 752 ut
474 704 586 770 patrem
610 712 724 770 quoque
746 696 906 773 suspicione
927 695 1043 776 adsper-

136 785 227 852 geret,
262 782 421 831 annuntem
453 789 521 830 eum
546 771 767 840 multitudinem,
797 774 1045 852 solicitantemque

136 850 240 920 socios,
253 849 468 926 absumpsisset.
508 849 594 908 Haec
614 867 738 920 suanno
751 851 780 907 in
800 849 891 920 ltalia,
912 852 941 910 in
966 853 1045 910 Afri·

136 944 181 1006 aa,
202 928 232 985 iu
255 925 360 995 Sicilia,
383 927 413 983 in
437 926 587 1003 Hispania,
607 926 685 984 vario
709 938 813 986 eventu
839 939 925 986 ueta.¹
953 930 1043 988 Exitu

135 1006 204 1064 anni
218 1007 255 1070 Q.
270 1005 375 1062 Fabius
390 1003 536 1062 Maximus
558 1021 576 1062 a
597 1003 878 1081 senatu'postulavit,
895 1015 928 1062 ut
941 1008 1043 1065 aedem

136 1083 258 1143 veneris
282 1081 434 1160 Erycinae,
455 1100 540 1158 quam
562 1082 688 1140 dictator
707 1083 838 1152 vovisset,
859 1080 992 1140 dedlcare
1011 1075 1045 1140 li·

135 1171 223 1220 aeret.
275 1160 402 1230 Senatus
424 1159 560 1228 decrevit,
589 1171 621 1218 ut
645 1159 690 1216 Ti.
722 1159 916 1237 Sempronius,
944 1161 1045 1218 consul

137 1237 313 1318 designatus,
334 1255 421 1314 quum
436 1237 560 1314 primum
574 1237 712 1296 honorem
722 1238 834 1310 inisset,
856 1237 893 1295 ad
907 1238 1046 1314 pupulum

136 1315 233 1384 ferret,
254 1326 288 1372 ut
311 1313 348 1380 Q.
372 1314 492 1373 Fabium
515 1315 702 1374 duumvirum
716 1333 780 1374 esse
798 1315 948 1393 ¹juberent
966 1315 1047 1375 aedis
1170 1351 1174 1358 ·

137 1391 315 1452 dedimnuoe
327 1394 427 1466 causa.
465 1393 506 1450 Et
520 1392 564 1452 Μ.
579 1392 705 1451 Aemilio
715 1393 841 1471 Lepido,
855 1393 903 1471 q‘ui
917 1385 1045 1452 bisson-

137 1469 182 1530 sul
201 1485 350 1548 augurque
370 1469 474 1538 fuerat,
500 1467 551 1525 filii
575 1480 642 1539 tres,
658 1467 782 1542 Lucius,
804 1471 933 1538 Marcus,
954 1470 1047 1535 Quinss

136 1558 192 1616 ars,
215 1547 300 1606 ludos
322 1547 458 1604 funebres
478 1563 530 1620 per
550 1546 685 1614 triduum,
707 1557 737 1606 et
756 1546 946 1623 gladiatorum
967 1548 1047 1625 pari'a'

136 1623 196 1687 duo
209 1634 240 1683 et
252 1622 351 1698 viginti
371 1621 578 1698 pertriduum,
598 1623 628 1680 in
649 1623 713 1680 foro
736 1623 886 1684 dederunt.
925 1625 1046 1689 Aediles

137 1701 259 1770 cttrules,
290 1700 324 1758 C.
350 1697 510 1767 Laetorius,
545 1711 575 1759 et
597 1699 643 1757 Ti.
666 1701 851 1782 Sempronius
884 1702 1046 1772 Gtucolrus',¹

136 1779 235 1838 consul
263 1775 436 1854 designatus,
461 1776 513 1854 qui
539 1777 569 1851 iu
595 1775 742 1852 aedilitate
763 1779 899 1855 magister
917 1779 1048 1857 equitum

135 1855 238 1924 iuerat,
266 1854 350 1912 ludos
375 1854 522 1912 Romanos
544 1854 694 1923 fecerunt3
727 1856 775 1934 qui
799 1857 988 1935 pertriduum
1003 1858 1046 1914 in·

136 1931 256 1992 staurari
271 1941 346 1988 sunt.
387 1929 496 1990 Plebeii
509 1931 570 1988 ludi
590 1933 733 2004 aedilium,
755 1933 800 1992 M.
815 1935 925 1993 Aurelii
940 1935 1047 1994 cutus

136 2021 168 2070 at
182 2008 228 2068 M.
241 2007 354 2066 Claudii
368 2007 510 2076 Marcelli,
530 2017 575 2067 ter
587 2009 745 2068 instaurati.
785 2012 968 2072 circumacto
989 2023 1046 2071 ter-

137 2088 179 2148 tio
205 2101 281 2144 anno
313 2084 412 2142 Punici
438 2083 516 2153 belli,
541 2085 585 2144 Ti.
611 2087 795 2163 Sempronius
822 2091 921 2148 consul
942 2091 1046 2152 luitur

136 2164 253 2224 Martiis
266 2163 464 2242 magistratum
478 2162 548 2222 iniit.
574 2163 748 2238 Praetores,
773 2167 810 2230 Q.
823 2163 938 2225 Fulvius
954 2169 1043 2227 'Flau-

136 2262 198 2312 cus,
219 2241 268 2320 qui
291 2252 376 2300 antea
398 2239 498 2300 consul
518 2261 677 2320 censorque
700 2242 805 2312 suerat,
829 2245 976 2316 urbanam,
998 2242 1044 2306 M.

135 2321 269 2388 Valerius
292 2318 436 2378 Laevinus
451 2320 634 2454 peregrinam
661 2331 778 2389 sortem,
799 2321 828 2378 in
846 2323 1043 2400 jurisdictione

137 2397 258 2463 babuit;
295 2399 353 2474 Ap.
374 2398 449 2456 Clau
472 2398 522 2456 ius·
543 2397 668 2457 Pulcher
697 2398 831 2468 Siciliam,
863 2402 900 2465 Q.
927 2397 1046 2459 Mucius

139 2474 279 2538 Scaevola
313 2474 480 2543 Sardiniam,
514 2475 605 2536 sortiti
639 2485 715 2534 sunt.
754 2476 800 2532 M.
826 2476 967 2534 Marcello
996 2495 1046 2551 pra

138 2552 258 2614 mouile
271 2551 420 2627 imperium
443 2569 507 2610 esse
520 2553 643 2629 pupulus
664 2552 759 2630 jussit,
780 2549 857 2629 quod
880 2563 946 2630 post
971 2554 1047 2611 Cau*

138 2648 258 2690 neusem
273 2627 384 2686 cladem
402 2647 474 2686 unus
488 2629 685 2688 Romanorum
699 2629 900 2707 imperatorum
921 2629 950 2687 in
963 2629 1048 2690 Italia

138 2721 276 2788 prospere
290 2723 349 2764 rem
363 2705 507 2781 gessisset.
871 2727 873 2738 ⁴
911 2701 922 2734 '¹
974 2725 977 2732 ’
1039 2725 1043 2742 ··

138 2815 141 2822 v
179 2783 293 2843 XXXI.
334 2783 493 2853 Seuerus,
514 2783 633 2862 quodie
652 2784 774 2862 primum
789 2794 833 2843 est
855 2786 884 2843 in
906 2787 1048 2866 Capitolio

138 2859 297 2932 consultus,
319 2860 455 2930 decrerit,
485 2874 527 2930 ut,
553 2877 609 2938 quo
633 2874 668 2920 eo
691 2863 1047 2942 annoduplextributum

124 2941 333 3019 imperaretur,
354 2939 476 3018 simplex
498 2939 658 3019 confestim»
673 2941 843 3018 exigeretur,
865 2963 902 3001 ex
922 2939 981 3022 quo
1000 2945 1049 3003 sti*-

139 3019 277 3098 pendium
300 3019 593 3094 praeseus'omnibus
616 3019 754 3079 militibus
778 3021 902 3090 duretur,
924 3034 1050 3100 praeter·
1089 3044 1091 3050 ·

140 3111 229 3174 quam
241 3095 290 3172 qui
303 3095 408 3154 milites
421 3094 459 3151 ad
473 3097 588 3154 Cannas
607 3097 739 3168 iiri‘ssent,
776 3098 824 3157 De
835 3093 1015 3158 'exercitibus
1029 3099 1051 3155 a
1079 3101 1087 3110 '

141 3173 383 3260 ta‘decreverunt,
408 3183 441 3230 ut
464 3173 577 3252 duabus
600 3175 760 3250 legionibus
780 3176 896 3235 urbanis
910 3171 955 3234 Ti.
970 3175 1051 3235 Sem‘·
1095 3197 1098 3208 ·

141 3248 260 3344 pronius
273 3251 373 3306 consul
388 3249 474 3308 Cales
498 3249 536 3306 ad
559 3252 785 3312 conveniendum
807 3255 884 3313 diem
905 3255 1049 3330 ediceret:

142 3327 212 3388 rude
226 3343 278 3384 sex
291 3325 418 3402 legiones
441 3326 469 3384 in
492 3340 586 3386 castra
608 3329 767 3390 Claudiana
787 3330 1052 3408 supra'Suessulam

139 3405 374 3466 deducerentur:
389 3409 396 3494 Ἰ
408 3402 543 3489 quesibi
566 3407 693 3483 legiones
713 3423 819 3473 essent,
840 3401 933 3480 (erant
956 3403 1054 3468 autem

140 3482 307 3548 Cannensis
321 3497 445 3542 maxims
460 3485 613 3564 exereitus)
633 3501 684 3544 eas
706 3491 763 3562 Ap.
779 3481 916 3542 Claudius
932 3481 1057 3545 Pulcher
