2406 3932
356 226 359 232 ·
429 204 519 282 Lsn
531 205 729 283 ERJXffl·
966 216 1023 290 154
1037 233 1039 240 “

117 362 270 442 obsidenti,
302 361 420 425 similior
446 374 521 436 esset
554 363 680 425 Poenas.
721 361 771 433 Ad
797 361 881 432 milla·
900 367 1024 440 trecenti

118 429 399 518 Karthaginiensium
420 441 504 510 caesi,
532 452 562 500 et
588 441 816 516 undesexaginta
842 440 896 500 vivi
923 442 1024 519 ceptis

119 519 177 598 qui,
192 520 266 578 circa
285 531 382 594 muros
396 529 425 578 et
445 517 474 574 in
495 519 665 577 stationibus
684 518 779 576 solute
792 537 827 576 ac
848 518 1025 595 negligenter

11 603 15 612 ’
120 607 248 676 agentes,
262 616 359 674 ,quum
378 593 447 653 nihil
469 595 678 728 minuaqquam
705 595 893 672 eruptionem,
915 597 1027 666 timuis«,

120 684 191 745 sent,
213 695 249 734 ex
269 673 420 750 improviso
441 671 569 750 oppressi
585 683 710 747 [ueram.
750 675 910 746 Gracchus,
935 674 1028 753 prius,

121 772 207 831 quam
220 771 251 810 se
266 752 362 808 hostes
376 753 413 828 ab
434 749 583 828 repentino
604 769 709 826 pavore
729 751 905 828 colligerent,
924 773 1027 834 recep«

120 829 162 890 tui
176 830 288 906 signum
302 827 392 906 dedit,
412 847 447 886 ac
461 847 528 886 suos
547 825 622 886 intra
635 847 732 886 muros
749 830 866 906 recepit.
905 831 1026 894 Postera

120 907 167 986 die
182 906 339 982 Hannibal,
353 904 461 968 laetum
475 905 654 976 secundare,
670 906 817 974 consulem
827 910 903 984 justo
917 910 1027 986 proelio

120 995 201 1044 ratus
221 993 404 1058 certaturum,
425 983 517 1046 aciem
542 983 618 1042 iuter
639 997 732 1052 castra
759 993 845 1061 atque
864 987 963 1044 urbem
984 987 1029 1046 in-'

120 1059 232 1130 struxit.
271 1071 411 1140 cetorum,
431 1074 582 1140 postquam
596 1061 740 1120 neminem
760 1059 868 1119 moveri
887 1063 924 1119 ab
945 1063 1035 1144 solitq

122 1139 253 1216 custodiis
274 1140 352 1200 urbis
371 1137 451 1211 vidit,
472 1159 527 1216 nec
546 1139 686 1216 committi
707 1139 842 1218 quicqum
863 1140 1032 1201 temerariae

122 1217 192 1294 spei,
208 1217 245 1276 ad
259 1217 355 1275 Tifata
375 1217 448 1276 redit
461 1215 569 1276 infecta
588 1237 628 1276 re.
668 1219 781 1282 Quibus
795 1218 898 1276 diebus
919 1216 1030 1278 Cumae

19 1337 22 1346 ,
123 1295 261 1370 liberatae
275 1299 342 1352 su‘nt
355 1294 514 1365 obsidione,
529 1294 629 1363 iisdem
650 1295 752 1355 diebus
767 1305 796 1370 et
811 1296 839 1353 in
853 1293 979 1356 Lucanis
992 1295 1031 1355 ad

124 1372 317 1451 Grumentum
331 1371 376 1438 Ti.
392 1371 584 1450 Sempronius,
606 1373 653 1432 cui
667 1371 769 1452 Longo
784 1392 946 1450 cognomen
960 1384 1034 1444 erat,

123 1469 191 1510 cum
205 1447 350 1528 Hannone
364 1450 463 1510 Poeno
477 1462 614 1528 prospere
626 1464 747 1528 pugnat.
790 1452 881 1528 Supra
895 1449 954 1509 duo
969 1451 1032 1510 mil·

122 1527 160 1586 lia
173 1527 298 1592 hostium
313 1528 427 1595 oceidit,
443 1542 473 1586 et
486 1527 628 1584 ducentos
641 1528 789 1603 octoginta
803 1528 905 1603 milites
919 1529 1034 1588 amisits

124 1604 205 1683 signa
217 1603 351 1662 militaria
364 1605 400 1661 ad
415 1603 603 1681 quadraginta
623 1623 713 1662 unum
727 1604 813 1682 cepit.
853 1606 957 1680 Pulsus
968 1605 1037 1669 finis

124 1684 178 1743 bus
192 1677 329 1750 Lucanis,
345 1681 452 1740 Hanno
472 1693 549 1740 rotro
562 1681 591 1740 in
610 1671 738 1756 Bruttios
758 1701 821 1740 sese
834 1682 951 1762 recepit.
991 1684 1035 1744 Et

124 1757 304 1851 ex'Hirpinis
317 1759 423 1836 oppida
443 1759 505 1828 tria,
520 1777 594 1836 quae
614 1778 631 1818 a
644 1759 752 1837 populo
766 1759 899 1820 Romano
919 1761 1038 1822 defece·-

124 1847 197 1904 rant,
212 1857 239 1896 vr
252 1849 368 1914 recepta
382 1857 431 1914 per
442 1835 487 1894 M.
500 1832 647 1914 Valerium
661 1851 832 1914 praetorem.
873 1839 1033 1898 Vercellius

127 1913 305 1991 Si'ciliusque,
319 1928 450 1974 auctores
464 1913 640 1986 defectionis,
656 1916 749 1976 securi
769 1914 906 1994 percussi.
947 1935 1038 1994 supra-

124 1992 203 2050 mille
217 1992 393 2069 captIvorum
406 1993 460 2054 sub
478 1991 562 2048 hasta
574 1993 723 2053 venierunt
734 2015 742 2051 ε
762 1995 868 2074 praeda
881 1993 937 2054 alia
950 1987 1034 2055 militi

43 2113 46 2116 -
126 2079 273 2136 concessa,
288 2069 430 2128 exercitus
443 2068 596 2140 Luceriam
608 2069 753 2142 reductus.

166 2145 341 2207 XXXVIII.
379 2147 459 2206 Dum
472 2146 550 2224 haec
565 2145 594 2204 in
615 2136 741 2206 Lucanis
754 2158 840 2224 atque
853 2147 944 2208 tutti
980 2145 1038 2210 inis

126 2223 272 2304 geruntur,
284 2225 418 2304 quinque
432 2244 528 2295 naves,
537 2296 541 2302 A
550 2243 623 2303 quae
637 2224 834 2292 Macedonum
854 2235 940 2304 atque
982 2246 1031 2302 oe·

127 2323 228 2370 uorum
243 2317 343 2382 captos
356 2301 467 2382 legatos
482 2303 607 2364 Romam
621 2303 785 2381 portabant,
800 2303 837 2362 ab
858 2321 961 2380 supero
974 2322 1035 2370 mae

127 2381 203 2440 riad
215 2379 336 2448 inferum
356 2383 565 2456 circumvectae
579 2401 668 2459 prope
688 2399 803 2439 omnem
823 2380 925 2440 ltaliae
945 2399 1034 2452 oram,
1076 2453 1080 2456 ‚

128 2478 216 2542 quum
230 2469 342 2539 praeter
362 2461 470 2538 Cumas
483 2460 553 2520 velis
571 2461 721 2526 ferrentur,
735 2467 838 2535 neque,
852 2458 978 2538 hostium
998 2475 1043 2534 an!

129 2536 270 2601 sociorum
297 2550 402 2606 essent,
429 2538 498 2596 satis
524 2538 664 2614 sciretur„
680 2535 831 2596 Gracchus
858 2535 981 2592 obviam*
1000 2551 1037 2592 ex

130 2615 220 2684 classe
235 2631 287 2673 sua
303 2613 394 2672 'naves
413 2615 499 2684 misit.
532 2617 637 2690 ,Quum
657 2610 873 2691 percunctando
894 2609 923 2666 in
943 2607 1035 2671 vicem

130 2712 165 2752 co
183 2679 186 2692 ‘
207 2685 277 2750 ‘tu'm
291 2701 367 2750 esset
381 2685 528 2750 consulem
543 2691 642 2750 Cumis
656 2709 738 2758 esse;
757 2706 844 2760 naves
859 2687 966 2747 Cumas
986 2707 1043 2770 apg

129 2710 239 2849 paige,
254 2769 414 2850 captivique
427 2769 465 2846 ad
478 2768 627 2830 consulem
646 2764 774 2835 deducti,
788 2778 818 2825 et
830 2765 929 2829 literae
942 2762 1037 2832 datae.

131 2847 249 2918 Consul,
264 2846 351 2929 literis
372 2846 496 2926 Philippi
510 2857 598 2926 atque
618 2839 790 2906 Hannibalis
804 2843 947 2922 perlectis,
961 2863 1037 2906 con·

131 2923 242 3006 signata
262 2926 358 2988 omnia
370 2923 414 2986 ad·
427 2939 560 2989 senatum
579 2923 680 3000 itinere
701 2923 824 2984 terrestri
845 2923 939 2992 misit;
959 2925 1043 3004 uari-2¹

129 3008 186 3065 bus
199 3003 299 3064 devehi
313 3004 422 3082 legatos
438 3005 532 3082 jussit.
571 3005 669 3082 Quum
683 3003 785 3062 eodem
804 3001 1045 3077 feredieliterae,

130 3081 274 3160 legatique
298 3081 421 3140 Romam
448 3083 602 3151 venissent,
622 3094 662 3151 et,
688 3081 923 3160 percunctatione
948 3077 1037 3150 facti,

132 3159 211 3220 dieta
230 3177 296 3216 cum
316 3159 427 3237 scriptis
447 3171 647 3239 congrperent,
668 3156 759 3236 primo
778 3159 871 3236 gravis
891 3174 961 3217 cura
981 3153 1043 3214 Pa·

132 3249 192 3298 tres
205 3236 330 3306 incessit,
345 3249 503 3308 cernentes,
518 3249 625 3316 quanta
636 3236 683 3294 rix
693 3235 880 3296 tolerantibus
894 3232 1046 3294 Punicum,

132 3311 243 3378 hellam
257 3313 438 3373 Macedonici
451 3315 519 3374 belli
530 3314 619 3372 moles
633 3313 761 3374 instaret.
799 3312 952 3373 cui'tamen
963 3307 1036 3365 adeo

132 3391 192 3456 ann
212 3393 432 3460 succubuerunt,
452 3406 485 3452 ut
505 3391 649 3470 extemplo
669 3395 833 3470 agitaretur,
871 3381 1044 3474 'uemadnro-¹

133 3468 204 3558 dum
217 3471 293 3554 ultro
311 3469 457 3556 inferendo
477 3469 554 3550 bella
574 3482 736 3534 averterent
755 3471 793 3529 ab
812 3465 828 3527 I
869 3461 1048 3548 rahostem„

601 3762 636 3806 'b
