2406 3932
424 227 581 292 mnan
609 227 719 296 xxrv.
784 174 787 186 ’
970 233 1025 292 201

124 385 269 464 propiores
291 377 453 453 levioribus,
466 403 558 462 coque
581 385 671 462 magis
684 379 800 454 crebris,
814 385 933 518 patebat
947 383 1029 448 telin

84 479 89 486 ·
124 475 280 542 postremo,
296 473 334 530 ‚ut
356 461 400 522 sui
423 462 539 524 vulnere
565 463 664 524 intacti
688 463 746 522 tela
767 462 797 520 ia
841 468 932 520 ostem
952 461 1032 538 inge-

125 553 228 612 rerent,
248 559 365 602 murum
384 541 422 598 ab
442 539 500 598 imo
518 539 556 598 ed
576 559 718 606 summurn
732 537 838 598 crebris
858 539 1031 598 cubitalibus

51 672 52 676 ,
124 619 183 680 lere
206 620 282 678 cavis
308 618 442 696 aperuit;
471 635 522 694 per
544 634 617 694 quae
639 633 710 676 cava
731 634 797 695 pars
820 616 940 694 sagittis,
963 633 1030 693 pars

124 697 321 774 werpionibus
353 693 481 762 modicis,
515 711 553 754 ex
585 694 700 752 occulto
733 695 869 772 petebant
908 695 1032 754 bostem.

125 775 207 842 Quae
231 773 347 850 propius
369 771 508 849 quaedam
532 771 668 830 subibant
690 790 785 841 naves,
806 791 863 850 quo
883 773 1032 832 interiores

122 852 230 913 ictibus
243 859 448 908 tonnantorum
463 849 638 919 essent—iu
652 867 701 908 eas
714 849 859 910 tollenone
872 868 957 928 super
969 867 1032 910 rnu-

123 948 188 988 rum
199 928 442 988 eminenteferrea
454 941 565 993 manue,
576 927 674 986 firmae
683 937 804 988 catenae
816 927 932 1004 illigata,
943 945 1032 1006 quum

125 1008 231 1067 in'ecta
244 1021 346 1082 prorae
359 1015 444 1073 esset,
458 1006 536 1081 gravi
557 1005 727 1065 libramento
747 1005 858 1083 plumbi
878 1006 1031 1064 recellente
1083 1039 1087 1044 -
1191 998 1192 1036 l

182 1083 284 1152 solum,
299 1083 436 1161 suspensa
455 1084 548 1160 prora,
562 1083 656 1142 navim
675 1083 706 1142 iu
727 1082 846 1161 puppim
866 1083 1031 1148 statuebat:

125 1159 200 1232 dein,
224 1163 342 1220 remissa
365 1160 469 1228 subito,
493 1161 571 1220 velut
593 1179 630 1219 ex
649 1177 731 1219 muro
753 1161 916 1227 cadentem,
937 1160 1032 1220 navim

125 1257 193 1300 curn
215 1239 327 1314 ingenti
338 1238 527 1316 trepidatione
543 1250 695 1298 nautarum
716 1240 758 1298 ita
770 1237 865 1298 undae
878 1239 1031 1316 affligebat,

124 1327 167 1386 ut,
186 1317 299 1374 etiamsi
317 1327 397 1376 recta
417 1316 564 1382 reciderat,
579 1315 755 1394 aliquantum
767 1335 860 1394 aquae
879 1317 1033 1395 acciperet.

125 1395 166 1452 ita
189 1394 330 1462 maritima
350 1393 525 1472 oppugnatio
545 1404 589 1454 est
609 1395 697 1464 elusa,
712 1396 861 1472 omnisque
873 1396 915 1454 vis
938 1407 983 1456 est
996 1413 1032 1453 eo

124 1489 214 1540 verm,
226 1483 258 1530 ut
272 1473 339 1536 totis
347 1473 452 1530 viribus
464 1471 540 1528 terra
548 1471 780 1544 aggrederentur.
802 1472 860 1530 Sed
873 1491 908 1530 ea
918 1491 1033 1552 quoque

124 1567 189 1626 pars
202 1549 306 1608 eodem
319 1549 398 1604 omui
420 1557 559 1622 apparatu
578 1555 786 1606 tormentorum
809 1547 949 1606 instructa
961 1561 1032 1619 erat,

65 1679 79 1690 .,
126 1626 262 1689 Hieronis
274 1621 410 1701 impensis
430 1623 556 1698 curaque
578 1622 748 1698 permultos
768 1637 867 1692 annor,
884 1625 1034 1685 Archime-

125 1702 169 1760 dis
192 1702 278 1760 unici
296 1714 367 1760 arte.
381 1709 483 1758 natura
505 1699 592 1758 etiam
609 1699 728 1775 juvabat
751 1699 817 1770 loci,
831 1701 908 1777 quod
922 1720 1033 1772 sarum,

126 1779 171 1848 uri
191 1777 324 1858 imposita
346 1777 420 1839 nturi
441 1777 717 1846 fundamentisque
732 1795 888 1854 magnaeus
899 1791 981 1855 parte
994 1779 1034 1838 ita

124 1856 249 1933 proclive
272 1867 327 1926 est,
347 1867 380 1916 ut
403 1855 575 1915 nouaclum
599 1851 686 1912 mium
705 1866 858 1926 tormento,
872 1857 924 1916 sed
947 1853 1034 1916 etiam

125 1951 199 2012 quae
212 1933 339 2009 pondere
359 1951 411 1990 sno
432 1932 582 2010 provoluta
605 1944 710 2001 essent,
724 1933 847 2009 graviter
867 1935 897 1992 iu
920 1934 1035 1994 hostem

124 2010 293 2070 inciderent·
322 2010 425 2068 eadem
447 2027 535 2068 cause
558 2009 595 2066 ad
619 2009 800 2071 subeundum
829 2013 951 2071 arduum
974 2011 1034 2074 adi·
1128 2007 1132 2016 ’

124 2101 187 2147 tum
208 2086 428 2164 instabilemque
449 2087 609 2163 ingressum
652 2089 798 2146 raebebut.
837 2090 892 2160 lta,
913 2088 1035 2151 consilio

125 2165 235 2234 habito,
260 2183 348 2241 quum
375 2164 468 2222 omna
490 2173 611 2222 conatus
632 2105 759 2224 ludibrio
782 2177 869 2235 esset,
894 2168 1035 2228 absistere

125 2243 347 2333 oppugnatione,
375 2253 462 2331 atque
495 2239 654 2304 obsidendo
687 2252 800 2332 tantum
830 2255 928 2304 arcere
960 2247 1036 2306 terri

125 2321 474 2456 mallillllilll’mlireraallilii
487 2318 751 2466 quqpcrenfiplpcppql
770 2399 855 2458 tertia
873 2398 935 2458 fere
953 2409 1036 2477 parte

126 2474 271 2534 exercitus
291 2474 328 2532 ad
351 2475 529 2551 recipiendas
550 2475 637 2534 urbes
656 2474 810 2552 profectus,
844 2493 898 2536 uae
910 2477 940 2536 in
955 2485 1036 2532 motu

125 2571 219 2612 rerum
240 2553 278 2612 ad
301 2551 558 2626 Karthaginienses
579 2550 753 2621 defecerant,
778 2495 921 2612 Heiorum
949 2561 1036 2628 atque

126 2630 316 2696 Herbessum,
337 2628 509 2688 dedentibus
529 2628 606 2705 ipsis,
626 2628 745 2704 recipit:
776 2629 907 2704 Megara,
921 2629 949 2688 vi
969 2645 1036 2708 cup·

125 2721 166 2776 ta,
190 2706 275 2766 diruit
297 2725 332 2764 ac
355 2705 479 2782 diripuit,
494 2705 531 2764 ad
554 2705 736 2780 reliquorum,
749 2723 785 2764 ac
805 2705 930 2764 maxime
951 2707 1035 2786 Syru·

125 2803 306 2850 omanorum,
322 2795 467 2873 terrorem.
506 2782 564 2842 Per
578 2781 655 2872 idern
674 2779 734 2841 fere
747 2793 862 2874 ternpus
878 2796 910 2844 et
923 2785 1035 2858 Harnil·

126 2859 880 3018 utuldtlllttttt⁰lltrltddt
893 2874 1035 3018 {3³:333}

125 3017 214 3080 millia
232 3018 371 3096 pediturn,
392 3017 447 3074 tria
466 3017 605 3094 equitum,
619 3015 772 3076 duodecim
786 3017 963 3096 elephantos,
984 3037 1037 3074 ex·

125 3095 244 3172 posuit;
273 3112 453 3170 nequaquam
471 3113 536 3152 cunr
561 3095 675 3172 quantis
702 3094 791 3172 copiis
814 3107 883 3155 ante
903 3104 1034 3172 tenuerat

126 3172 165 3231 ad
185 3170 353 3246 Pachynum
374 3171 503 3234 classem·
544 3172 612 3244 Sed,
633 3182 785 3249 postquam
804 3174 841 3232 ab
856 3171 1036 3250 Hippocrate

126 3259 286 3324 occupatae
320 3248 479 3325 Syracusae
511 3261 601 3318 erant,
635 3249 780 3326 profectus
816 3248 1034 3324 Karthaginem,

126 3328 299 3404 adjutusque
312 3326 352 3383 ibi
365 3327 446 3384 stab
466 3325 567 3401 legatis
585 3328 781 3404 Hippocratis,
796 3326 939 3402 literisque
954 3324 1035 3381 Han·

125 3403 238 3472 cibalis,
253 3402 300 3479 qui
313 3403 425 3462 venisse
444 3412 556 3479 tempus
575 3405 672 3464 aiebat
694 3405 807 3464 Siciliae
827 3421 878 3478 per
891 3417 1034 3460 summum

127 3483 216 3546 decue
232 3477 416 3560 ¹repetendae,
431 3480 534 3558 etipse
554 3479 633 3544 baud
647 3499 735 3542 renus
748 3495 883 3558 praesens
901 3477 1035 3549 monim,
