<?xml version="1.0" encoding="UTF-8"?>
<!DOCTYPE html PUBLIC "-//W3C//DTD XHTML 1.0 Transitional//EN"
    "http://www.w3.org/TR/xhtml1/DTD/xhtml1-transitional.dtd">
<html xmlns="http://www.w3.org/1999/xhtml" xml:lang="en" lang="en">
 <head>
  <title>
</title>
<meta http-equiv="Content-Type" content="text/html;charset=utf-8" />
  <meta name='ocr-system' content='tesseract 3.04.00' />
  <meta name='ocr-capabilities' content='ocr_page ocr_carea ocr_par ocr_line ocrx_word'/>
</head>
<body>
  <div class='ocr_page' id='page_1' title='image "./titiliviihistor03livigoog_0153.png"; bbox 0 0 2406 3932; ppageno 0'>
   <div class='ocr_carea' id='block_1_1' title="bbox 171 219 758 292">
    <p class='ocr_par' dir='ltr' id='par_1_1' title="bbox 171 219 758 292">
     <span class='ocr_line' id='line_1_1' title="bbox 171 219 758 292; baseline -0.012 0"><span class='ocrx_word' id='word_1_1' title='bbox 171 229 227 292; x_wconf 78' lang='lat' dir='ltr'><strong>tta</strong></span> <span class='ocrx_word' id='word_1_2' title='bbox 423 261 427 268; x_wconf 95' lang='lat'>·</span> <span class='ocrx_word' id='word_1_3' title='bbox 520 221 555 286; x_wconf 88' lang='grc' dir='ltr'><strong>Τ.</strong></span> <span class='ocrx_word' id='word_1_4' title='bbox 585 219 725 287; x_wconf 84' lang='lat' dir='ltr'>LIVII</span> <span class='ocrx_word' id='word_1_5' title='bbox 755 221 758 228; x_wconf 77' lang='grc'>’</span> 
     </span>
    </p>
   </div>
   <div class='ocr_carea' id='block_1_2' title="bbox 121 379 1132 3558">
    <p class='ocr_par' dir='ltr' id='par_1_2' title="bbox 161 379 1082 1542">
     <span class='ocr_line' id='line_1_2' title="bbox 170 379 1081 460; baseline -0.004 -16"><span class='ocrx_word' id='word_1_6' title='bbox 170 403 207 444; x_wconf 91' lang='lat' dir='ltr'><strong>eo</strong></span> <span class='ocrx_word' id='word_1_7' title='bbox 220 401 295 443; x_wconf 89' lang='lat' dir='ltr'><strong>anno</strong></span> <span class='ocrx_word' id='word_1_8' title='bbox 308 381 424 460; x_wconf 80' lang='lat' dir='ltr'><strong>placuit.</strong></span> <span class='ocrx_word' id='word_1_9' title='bbox 464 382 616 442; x_wconf 81' lang='lat' dir='ltr'>Exercitus</span> <span class='ocrx_word' id='word_1_10' title='bbox 639 380 785 440; x_wconf 86' lang='lat' dir='ltr'><strong>dictatoris</strong></span> <span class='ocrx_word' id='word_1_11' title='bbox 808 379 919 437; x_wconf 86' lang='lat' dir='ltr'><strong>consuli</strong></span> <span class='ocrx_word' id='word_1_12' title='bbox 942 380 1081 440; x_wconf 77' lang='lat' dir='ltr'><strong>decretus</strong></span> 
     </span>
     <span class='ocr_line' id='line_1_3' title="bbox 171 456 1081 536; baseline -0.004 -15"><span class='ocrx_word' id='word_1_13' title='bbox 171 473 224 521; x_wconf 86' lang='lat' dir='ltr'><strong>est.</strong></span> <span class='ocrx_word' id='word_1_14' title='bbox 264 462 312 519; x_wconf 87' lang='lat' dir='ltr'><strong>De</strong></span> <span class='ocrx_word' id='word_1_15' title='bbox 339 460 467 518; x_wconf 88' lang='lat' dir='ltr'><strong>exercitu</strong></span> <span class='ocrx_word' id='word_1_16' title='bbox 488 461 629 528; x_wconf 82' lang='lat' dir='ltr'>Marcelli,</span> <span class='ocrx_word' id='word_1_17' title='bbox 657 460 705 536; x_wconf 93' lang='lat' dir='ltr'><strong>qui</strong></span> <span class='ocrx_word' id='word_1_18' title='bbox 729 477 826 516; x_wconf 92' lang='lat' dir='ltr'><strong>eorum</strong></span> <span class='ocrx_word' id='word_1_19' title='bbox 850 475 887 514; x_wconf 88' lang='lat' dir='ltr'><strong>ex</strong></span> <span class='ocrx_word' id='word_1_20' title='bbox 909 456 979 534; x_wconf 87' lang='lat' dir='ltr'><strong>fuga</strong></span> <span class='ocrx_word' id='word_1_21' title='bbox 1001 460 1081 517; x_wconf 88' lang='lat' dir='ltr'><strong>Can·</strong></span> 
     </span>
     <span class='ocr_line' id='line_1_4' title="bbox 170 533 1081 610; baseline -0.004 -12"><span class='ocrx_word' id='word_1_22' title='bbox 170 540 252 598; x_wconf 88' lang='lat' dir='ltr'><strong>nensi</strong></span> <span class='ocrx_word' id='word_1_23' title='bbox 265 549 369 605; x_wconf 89' lang='lat' dir='ltr'><strong>essent,</strong></span> <span class='ocrx_word' id='word_1_24' title='bbox 384 538 412 594; x_wconf 93' lang='lat' dir='ltr'><strong>in</strong></span> <span class='ocrx_word' id='word_1_25' title='bbox 429 535 553 598; x_wconf 85' lang='lat' dir='ltr'><strong>Siciliam</strong></span> <span class='ocrx_word' id='word_1_26' title='bbox 567 555 617 596; x_wconf 91' lang='lat' dir='ltr'><strong>eos</strong></span> <span class='ocrx_word' id='word_1_27' title='bbox 632 537 751 603; x_wconf 85' lang='lat' dir='ltr'><strong>traduci,</strong></span> <span class='ocrx_word' id='word_1_28' title='bbox 772 548 857 610; x_wconf 90' lang='lat' dir='ltr'><strong>atque</strong></span> <span class='ocrx_word' id='word_1_29' title='bbox 880 533 920 591; x_wconf 92' lang='lat' dir='ltr'><strong>ibi</strong></span> <span class='ocrx_word' id='word_1_30' title='bbox 945 535 1081 604; x_wconf 87' lang='lat' dir='ltr'><strong>militare,</strong></span> 
     </span>
     <span class='ocr_line' id='line_1_5' title="bbox 171 611 1081 691; baseline -0.003 -17"><span class='ocrx_word' id='word_1_31' title='bbox 171 617 265 675; x_wconf 88' lang='lat' dir='ltr'><strong>donec</strong></span> <span class='ocrx_word' id='word_1_32' title='bbox 278 616 307 672; x_wconf 92' lang='lat' dir='ltr'><strong>in</strong></span> <span class='ocrx_word' id='word_1_33' title='bbox 323 615 404 672; x_wconf 89' lang='lat' dir='ltr'><strong>ltalia</strong></span> <span class='ocrx_word' id='word_1_34' title='bbox 424 615 531 673; x_wconf 93' lang='lat' dir='ltr'><strong>bellum</strong></span> <span class='ocrx_word' id='word_1_35' title='bbox 552 625 637 683; x_wconf 91' lang='lat' dir='ltr'><strong>esset,</strong></span> <span class='ocrx_word' id='word_1_36' title='bbox 658 613 773 691; x_wconf 76' lang='lat' dir='ltr'><strong>placuit.</strong></span> <span class='ocrx_word' id='word_1_37' title='bbox 797 611 899 670; x_wconf 91' lang='lat' dir='ltr'><strong>eodem</strong></span> <span class='ocrx_word' id='word_1_38' title='bbox 922 629 960 669; x_wconf 88' lang='lat' dir='ltr'><strong>ex</strong></span> <span class='ocrx_word' id='word_1_39' title='bbox 983 612 1081 671; x_wconf 86' lang='lat' dir='ltr'><strong>dicta·</strong></span> 
     </span>
     <span class='ocr_line' id='line_1_6' title="bbox 171 690 1081 768; baseline -0.004 -17"><span class='ocrx_word' id='word_1_40' title='bbox 171 693 240 752; x_wconf 87' lang='lat' dir='ltr'><strong>toris</strong></span> <span class='ocrx_word' id='word_1_41' title='bbox 253 692 413 768; x_wconf 82' lang='lat' dir='ltr'><strong>legionibus</strong></span> <span class='ocrx_word' id='word_1_42' title='bbox 431 691 508 767; x_wconf 84' lang='lat' dir='ltr'><strong>rejici</strong></span> <span class='ocrx_word' id='word_1_43' title='bbox 528 692 648 750; x_wconf 89' lang='lat' dir='ltr'><strong>militem</strong></span> <span class='ocrx_word' id='word_1_44' title='bbox 668 690 775 747; x_wconf 85' lang='lat' dir='ltr'><strong>minimi</strong></span> <span class='ocrx_word' id='word_1_45' title='bbox 795 707 937 766; x_wconf 83' lang='lat' dir='ltr'>quemque</span> <span class='ocrx_word' id='word_1_46' title='bbox 955 690 1081 758; x_wconf 88' lang='lat' dir='ltr'><strong>roboris,</strong></span> 
     </span>
     <span class='ocr_line' id='line_1_7' title="bbox 161 767 1081 847; baseline -0.003 -20"><span class='ocrx_word' id='word_1_47' title='bbox 161 771 249 828; x_wconf 64' lang='lat' dir='ltr'><strong>vnullo</strong></span> <span class='ocrx_word' id='word_1_48' title='bbox 263 770 431 847; x_wconf 88' lang='lat' dir='ltr'><strong>praestituto</strong></span> <span class='ocrx_word' id='word_1_49' title='bbox 445 769 562 826; x_wconf 90' lang='lat' dir='ltr'><strong>militiae</strong></span> <span class='ocrx_word' id='word_1_50' title='bbox 576 780 712 844; x_wconf 88' lang='lat' dir='ltr'><strong>tempore,</strong></span> <span class='ocrx_word' id='word_1_51' title='bbox 736 768 789 824; x_wconf 89' lang='lat' dir='ltr'><strong>nisi</strong></span> <span class='ocrx_word' id='word_1_52' title='bbox 804 767 852 843; x_wconf 91' lang='lat' dir='ltr'><strong>qui</strong></span> <span class='ocrx_word' id='word_1_53' title='bbox 871 767 1081 843; x_wconf 82' lang='lat' dir='ltr'><strong>stipendiorum</strong></span> 
     </span>
     <span class='ocr_line' id='line_1_8' title="bbox 163 844 1081 923; baseline -0.003 -19"><span class='ocrx_word' id='word_1_54' title='bbox 163 847 360 923; x_wconf 62' lang='lat' dir='ltr'><strong>‘legitimorum</strong></span> <span class='ocrx_word' id='word_1_55' title='bbox 375 857 460 904; x_wconf 90' lang='lat' dir='ltr'><strong>esset.</strong></span> <span class='ocrx_word' id='word_1_56' title='bbox 500 847 585 904; x_wconf 82' lang='lat' dir='ltr'><strong>Duae</strong></span> <span class='ocrx_word' id='word_1_57' title='bbox 607 845 733 922; x_wconf 84' lang='lat' dir='ltr'><strong>legiones</strong></span> <span class='ocrx_word' id='word_1_58' title='bbox 756 845 884 902; x_wconf 86' lang='lat' dir='ltr'><strong>urbanae</strong></span> <span class='ocrx_word' id='word_1_59' title='bbox 908 844 989 901; x_wconf 88' lang='lat' dir='ltr'><strong>alteri</strong></span> <span class='ocrx_word' id='word_1_60' title='bbox 1009 863 1081 901; x_wconf 85' lang='lat' dir='ltr'><strong>con-</strong></span> 
     </span>
     <span class='ocr_line' id='line_1_9' title="bbox 171 921 1081 1002; baseline -0.003 -20"><span class='ocrx_word' id='word_1_61' title='bbox 171 925 235 993; x_wconf 88' lang='lat' dir='ltr'><strong>suli,</strong></span> <span class='ocrx_word' id='word_1_62' title='bbox 250 925 296 1002; x_wconf 93' lang='lat' dir='ltr'><strong>qui</strong></span> <span class='ocrx_word' id='word_1_63' title='bbox 311 923 340 980; x_wconf 93' lang='lat' dir='ltr'><strong>in</strong></span> <span class='ocrx_word' id='word_1_64' title='bbox 353 924 448 981; x_wconf 91' lang='lat' dir='ltr'><strong>locum</strong></span> <span class='ocrx_word' id='word_1_65' title='bbox 462 922 498 979; x_wconf 87' lang='lat' dir='ltr'><strong>L.</strong></span> <span class='ocrx_word' id='word_1_66' title='bbox 510 923 658 980; x_wconf 63' lang='lat' dir='ltr'><strong>,Postumii</strong></span> <span class='ocrx_word' id='word_1_67' title='bbox 678 921 815 982; x_wconf 88' lang='lat' dir='ltr'><strong>suffectus</strong></span> <span class='ocrx_word' id='word_1_68' title='bbox 836 932 922 989; x_wconf 87' lang='lat' dir='ltr'><strong>esset,</strong></span> <span class='ocrx_word' id='word_1_69' title='bbox 943 922 1081 980; x_wconf 78' lang='lat' dir='ltr'><strong>decretae</strong></span> 
     </span>
     <span class='ocr_line' id='line_1_10' title="bbox 172 999 1079 1078; baseline -0.003 -18"><span class='ocrx_word' id='word_1_70' title='bbox 172 1012 255 1069; x_wconf 89' lang='lat' dir='ltr'><strong>sunt;</strong></span> <span class='ocrx_word' id='word_1_71' title='bbox 281 1019 412 1078; x_wconf 88' lang='lat' dir='ltr'><strong>eumque,</strong></span> <span class='ocrx_word' id='word_1_72' title='bbox 440 1019 528 1077; x_wconf 92' lang='lat' dir='ltr'><strong>quum</strong></span> <span class='ocrx_word' id='word_1_73' title='bbox 554 1001 678 1076; x_wconf 85' lang='lat' dir='ltr'><strong>primum</strong></span> <span class='ocrx_word' id='word_1_74' title='bbox 705 1000 790 1056; x_wconf 85' lang='lat' dir='ltr'><strong>salvis</strong></span> <span class='ocrx_word' id='word_1_75' title='bbox 816 999 950 1074; x_wconf 82' lang='lat' dir='ltr'><strong>auspiciis</strong></span> <span class='ocrx_word' id='word_1_76' title='bbox 969 1011 1079 1075; x_wconf 90' lang='lat' dir='ltr'><strong>posset,</strong></span> 
     </span>
     <span class='ocr_line' id='line_1_11' title="bbox 170 1077 1082 1166; baseline -0.005 -28"><span class='ocrx_word' id='word_1_77' title='bbox 170 1079 259 1138; x_wconf 86' lang='lat' dir='ltr'><strong>creari</strong></span> <span class='ocrx_word' id='word_1_78' title='bbox 283 1079 406 1156; x_wconf 87' lang='lat' dir='ltr'><strong>placuit:</strong></span> <span class='ocrx_word' id='word_1_79' title='bbox 427 1078 552 1153; x_wconf 85' lang='lat' dir='ltr'><strong>legiones</strong></span> <span class='ocrx_word' id='word_1_80' title='bbox 574 1087 725 1153; x_wconf 88' lang='lat' dir='ltr'><strong>praeterea</strong></span> <span class='ocrx_word' id='word_1_81' title='bbox 748 1077 820 1134; x_wconf 87' lang='lat' dir='ltr'><strong>duas</strong></span> <span class='ocrx_word' id='word_1_82' title='bbox 844 1077 935 1152; x_wconf 91' lang='lat' dir='ltr'><strong>primo</strong></span> <span class='ocrx_word' id='word_1_83' title='bbox 963 1094 1082 1166; x_wconf 88' lang='lat' dir='ltr'><strong>quoque</strong></span> 
     </span>
     <span class='ocr_line' id='line_1_12' title="bbox 171 1153 1081 1234; baseline -0.007 -19"><span class='ocrx_word' id='word_1_84' title='bbox 171 1169 300 1234; x_wconf 88' lang='lat' dir='ltr'><strong>tempore</strong></span> <span class='ocrx_word' id='word_1_85' title='bbox 313 1175 349 1215; x_wconf 86' lang='lat' dir='ltr'><strong>ex</strong></span> <span class='ocrx_word' id='word_1_86' title='bbox 365 1154 461 1214; x_wconf 87' lang='lat' dir='ltr'><strong>Sicilia</strong></span> <span class='ocrx_word' id='word_1_87' title='bbox 481 1153 591 1222; x_wconf 54' lang='lat' dir='ltr'><strong>accitis</strong></span> <span class='ocrx_word' id='word_1_88' title='bbox 603 1166 691 1230; x_wconf 91' lang='lat' dir='ltr'><strong>atque</strong></span> <span class='ocrx_word' id='word_1_89' title='bbox 715 1154 780 1212; x_wconf 94' lang='lat' dir='ltr'><strong>inde</strong></span> <span class='ocrx_word' id='word_1_90' title='bbox 802 1153 912 1219; x_wconf 89' lang='lat' dir='ltr'><strong>consul,</strong></span> <span class='ocrx_word' id='word_1_91' title='bbox 936 1171 983 1210; x_wconf 92' lang='lat' dir='ltr'><strong>cur</strong></span> <span class='ocrx_word' id='word_1_92' title='bbox 1006 1153 1081 1228; x_wconf 87' lang='lat' dir='ltr'><strong>legi·</strong></span> 
     </span>
     <span class='ocr_line' id='line_1_13' title="bbox 172 1231 1080 1306; baseline -0.004 -14"><span class='ocrx_word' id='word_1_93' title='bbox 172 1253 242 1292; x_wconf 87' lang='lat' dir='ltr'><strong>ones</strong></span> <span class='ocrx_word' id='word_1_94' title='bbox 256 1236 382 1292; x_wconf 89' lang='lat' dir='ltr'><strong>urbanae</strong></span> <span class='ocrx_word' id='word_1_95' title='bbox 403 1232 573 1300; x_wconf 87' lang='lat' dir='ltr'><strong>evenissent,</strong></span> <span class='ocrx_word' id='word_1_96' title='bbox 597 1231 719 1288; x_wconf 87' lang='lat' dir='ltr'><strong>militum</strong></span> <span class='ocrx_word' id='word_1_97' title='bbox 744 1241 870 1290; x_wconf 87' lang='lat' dir='ltr'><strong>sumeret</strong></span> <span class='ocrx_word' id='word_1_98' title='bbox 892 1241 1030 1306; x_wconf 91' lang='lat' dir='ltr'><strong>quantum</strong></span> <span class='ocrx_word' id='word_1_99' title='bbox 1044 1249 1080 1288; x_wconf 92' lang='lat' dir='ltr'><strong>o-</strong></span> 
     </span>
     <span class='ocr_line' id='line_1_14' title="bbox 171 1306 1081 1388; baseline -0.003 -21"><span class='ocrx_word' id='word_1_100' title='bbox 171 1329 225 1388; x_wconf 90' lang='lat' dir='ltr'><strong>pus</strong></span> <span class='ocrx_word' id='word_1_101' title='bbox 239 1323 333 1368; x_wconf 88' lang='lat' dir='ltr'><strong>esset:</strong></span> <span class='ocrx_word' id='word_1_102' title='bbox 348 1311 383 1369; x_wconf 89' lang='lat' dir='ltr'><strong>C.</strong></span> <span class='ocrx_word' id='word_1_103' title='bbox 397 1309 531 1366; x_wconf 88' lang='lat' dir='ltr'><strong>Terentio</strong></span> <span class='ocrx_word' id='word_1_104' title='bbox 545 1309 654 1365; x_wconf 92' lang='lat' dir='ltr'><strong>consuli</strong></span> <span class='ocrx_word' id='word_1_105' title='bbox 668 1308 820 1384; x_wconf 88' lang='lat' dir='ltr'><strong>propagari</strong></span> <span class='ocrx_word' id='word_1_106' title='bbox 842 1308 871 1364; x_wconf 96' lang='lat' dir='ltr'><strong>in</strong></span> <span class='ocrx_word' id='word_1_107' title='bbox 895 1325 1001 1364; x_wconf 91' lang='lat' dir='ltr'><strong>annum</strong></span> <span class='ocrx_word' id='word_1_108' title='bbox 1025 1306 1081 1364; x_wconf 90' lang='lat' dir='ltr'><strong>im·</strong></span> 
     </span>
     <span class='ocr_line' id='line_1_15' title="bbox 170 1385 1079 1464; baseline -0.001 -21"><span class='ocrx_word' id='word_1_109' title='bbox 170 1388 296 1464; x_wconf 69' lang='lat' dir='ltr'><strong>perium</strong></span> <span class='ocrx_word' id='word_1_110' title='bbox 309 1405 402 1464; x_wconf 83' lang='lat' dir='ltr'><strong>neque</strong></span> <span class='ocrx_word' id='word_1_111' title='bbox 415 1387 452 1444; x_wconf 89' lang='lat' dir='ltr'><strong>de</strong></span> <span class='ocrx_word' id='word_1_112' title='bbox 465 1405 500 1444; x_wconf 89' lang='lat' dir='ltr'><strong>eo</strong></span> <span class='ocrx_word' id='word_1_113' title='bbox 513 1385 650 1451; x_wconf 85' lang='lat' dir='ltr'><strong>exercitu,</strong></span> <span class='ocrx_word' id='word_1_114' title='bbox 674 1401 760 1460; x_wconf 84' lang='lat' dir='ltr'><strong>quem</strong></span> <span class='ocrx_word' id='word_1_115' title='bbox 783 1386 821 1442; x_wconf 88' lang='lat' dir='ltr'><strong>ad</strong></span> <span class='ocrx_word' id='word_1_116' title='bbox 845 1385 1019 1460; x_wconf 84' lang='lat' dir='ltr'><strong>praesidium</strong></span> <span class='ocrx_word' id='word_1_117' title='bbox 1035 1389 1079 1442; x_wconf 67' lang='lat' dir='ltr'><strong>A*-</strong></span> 
     </span>
     <span class='ocr_line' id='line_1_16' title="bbox 171 1462 685 1542; baseline -0.004 -21"><span class='ocrx_word' id='word_1_118' title='bbox 171 1464 266 1542; x_wconf 90' lang='lat' dir='ltr'><strong>puliae</strong></span> <span class='ocrx_word' id='word_1_119' title='bbox 279 1463 407 1532; x_wconf 89' lang='lat' dir='ltr'><strong>haberet,</strong></span> <span class='ocrx_word' id='word_1_120' title='bbox 422 1463 574 1540; x_wconf 91' lang='lat' dir='ltr'><strong>quicquam</strong></span> <span class='ocrx_word' id='word_1_121' title='bbox 586 1462 685 1520; x_wconf 90' lang='lat' dir='ltr'><strong>minui.</strong></span> 
     </span>
    </p>

    <p class='ocr_par' dir='ltr' id='par_1_3' title="bbox 121 1539 1132 3558">
     <span class='ocr_line' id='line_1_17' title="bbox 212 1539 1079 1618; baseline -0.001 -19"><span class='ocrx_word' id='word_1_122' title='bbox 212 1542 321 1600; x_wconf 88' lang='lat' dir='ltr'><strong>XXVI.</strong></span> <span class='ocrx_word' id='word_1_123' title='bbox 361 1542 440 1600; x_wconf 83' lang='lat' dir='ltr'><strong>Duru</strong></span> <span class='ocrx_word' id='word_1_124' title='bbox 455 1541 569 1618; x_wconf 88' lang='lat' dir='ltr'><strong>haecin</strong></span> <span class='ocrx_word' id='word_1_125' title='bbox 584 1539 668 1598; x_wconf 87' lang='lat' dir='ltr'><strong>ltalia</strong></span> <span class='ocrx_word' id='word_1_126' title='bbox 685 1550 822 1615; x_wconf 87' lang='lat' dir='ltr'><strong>geruntur</strong></span> <span class='ocrx_word' id='word_1_127' title='bbox 835 1549 1079 1616; x_wconf 82' lang='lat' dir='ltr'><strong>apparanturque,</strong></span> 
     </span>
     <span class='ocr_line' id='line_1_18' title="bbox 171 1615 1081 1696; baseline -0.002 -20"><span class='ocrx_word' id='word_1_128' title='bbox 171 1619 260 1678; x_wconf 88' lang='lat' dir='ltr'><strong>nihilo</strong></span> <span class='ocrx_word' id='word_1_129' title='bbox 273 1620 388 1696; x_wconf 88' lang='lat' dir='ltr'><strong>segnius</strong></span> <span class='ocrx_word' id='word_1_130' title='bbox 401 1618 430 1675; x_wconf 84' lang='lat' dir='ltr'><strong>in</strong></span> <span class='ocrx_word' id='word_1_131' title='bbox 446 1617 585 1695; x_wconf 84' lang='lat' dir='ltr'><strong>Hispania</strong></span> <span class='ocrx_word' id='word_1_132' title='bbox 598 1619 707 1675; x_wconf 89' lang='lat' dir='ltr'><strong>bellum</strong></span> <span class='ocrx_word' id='word_1_133' title='bbox 722 1628 783 1675; x_wconf 87' lang='lat' dir='ltr'><strong>erat</strong></span> <span class='ocrx_word' id='word_1_134' title='bbox 794 1637 802 1673; x_wconf 73' lang='grc' dir='ltr'><strong><em>ε</em></strong></span> <span class='ocrx_word' id='word_1_135' title='bbox 814 1617 865 1673; x_wconf 89' lang='lat' dir='ltr'><strong>sed</strong></span> <span class='ocrx_word' id='word_1_136' title='bbox 878 1615 988 1674; x_wconf 90' lang='lat' dir='ltr'><strong>adeam</strong></span> <span class='ocrx_word' id='word_1_137' title='bbox 1000 1617 1081 1674; x_wconf 90' lang='lat' dir='ltr'><strong>diem</strong></span> 
     </span>
     <span class='ocr_line' id='line_1_19' title="bbox 172 1693 1080 1776; baseline -0.001 -23"><span class='ocrx_word' id='word_1_138' title='bbox 172 1698 262 1773; x_wconf 85' lang='lat' dir='ltr'><strong>magis</strong></span> <span class='ocrx_word' id='word_1_139' title='bbox 276 1713 442 1776; x_wconf 88' lang='lat' dir='ltr'><strong>prosperum</strong></span> <span class='ocrx_word' id='word_1_140' title='bbox 459 1695 606 1753; x_wconf 82' lang='lat' dir='ltr'><strong>Romanis.</strong></span> <span class='ocrx_word' id='word_1_141' title='bbox 647 1695 681 1753; x_wconf 91' lang='lat' dir='ltr'><strong>P.</strong></span> <span class='ocrx_word' id='word_1_142' title='bbox 693 1699 719 1751; x_wconf 74' lang='lat' dir='ltr'><strong>or</strong></span> <span class='ocrx_word' id='word_1_143' title='bbox 730 1695 783 1752; x_wconf 88' lang='lat' dir='ltr'><strong>Cn.</strong></span> <span class='ocrx_word' id='word_1_144' title='bbox 799 1693 980 1768; x_wconf 87' lang='lat' dir='ltr'><strong>Scipionibus</strong></span> <span class='ocrx_word' id='word_1_145' title='bbox 1002 1694 1080 1752; x_wconf 86' lang='lat' dir='ltr'><strong>inter</strong></span> 
     </span>
     <span class='ocr_line' id='line_1_20' title="bbox 172 1769 1080 1852; baseline -0.003 -20"><span class='ocrx_word' id='word_1_146' title='bbox 172 1793 204 1832; x_wconf 91' lang='lat' dir='ltr'><strong>se</strong></span> <span class='ocrx_word' id='word_1_147' title='bbox 216 1772 327 1852; x_wconf 85' lang='lat' dir='ltr'><strong>partitis</strong></span> <span class='ocrx_word' id='word_1_148' title='bbox 340 1774 445 1849; x_wconf 85' lang='lat' dir='ltr'><strong>copias,</strong></span> <span class='ocrx_word' id='word_1_149' title='bbox 468 1785 499 1829; x_wconf 92' lang='lat' dir='ltr'><strong>ut</strong></span> <span class='ocrx_word' id='word_1_150' title='bbox 514 1774 629 1832; x_wconf 85' lang='lat' dir='ltr'><strong>Cnaeus</strong></span> <span class='ocrx_word' id='word_1_151' title='bbox 641 1773 724 1838; x_wconf 73' lang='lat' dir='ltr'><strong>terri,</strong></span> <span class='ocrx_word' id='word_1_152' title='bbox 740 1769 859 1827; x_wconf 88' lang='lat' dir='ltr'><strong>Publius</strong></span> <span class='ocrx_word' id='word_1_153' title='bbox 869 1771 999 1838; x_wconf 88' lang='lat' dir='ltr'><strong>navibus,</strong></span> <span class='ocrx_word' id='word_1_154' title='bbox 1014 1788 1080 1829; x_wconf 88' lang='lat' dir='ltr'><strong>rem</strong></span> 
     </span>
     <span class='ocr_line' id='line_1_21' title="bbox 170 1846 1081 1926; baseline -0.004 -16"><span class='ocrx_word' id='word_1_155' title='bbox 170 1862 291 1926; x_wconf 80' lang='lat' dir='ltr'><strong>gereret,</strong></span> <span class='ocrx_word' id='word_1_156' title='bbox 313 1849 488 1916; x_wconf 85' lang='lat' dir='ltr'><strong>Hasdrubal,</strong></span> <span class='ocrx_word' id='word_1_157' title='bbox 514 1847 675 1908; x_wconf 89' lang='lat' dir='ltr'><strong>Poenorum</strong></span> <span class='ocrx_word' id='word_1_158' title='bbox 698 1849 860 1924; x_wconf 86' lang='lat' dir='ltr'><strong>imperator,</strong></span> <span class='ocrx_word' id='word_1_159' title='bbox 884 1846 977 1904; x_wconf 85' lang='lat' dir='ltr'><strong>neutri</strong></span> <span class='ocrx_word' id='word_1_160' title='bbox 1021 1850 1081 1906; x_wconf 87' lang='lat' dir='ltr'><strong>arti</strong></span> 
     </span>
     <span class='ocr_line' id='line_1_22' title="bbox 170 1867 1020 2004; baseline -0.001 -22"><span class='ocrx_word' id='word_1_161' title='bbox 170 1927 270 1984; x_wconf 85' lang='lat' dir='ltr'><strong>virium</strong></span> <span class='ocrx_word' id='word_1_162' title='bbox 284 1925 352 1984; x_wconf 89' lang='lat' dir='ltr'><strong>satis</strong></span> <span class='ocrx_word' id='word_1_163' title='bbox 365 1926 465 1995; x_wconf 87' lang='lat' dir='ltr'><strong>fidens,</strong></span> <span class='ocrx_word' id='word_1_164' title='bbox 487 1929 587 2004; x_wconf 91' lang='lat' dir='ltr'><strong>procul</strong></span> <span class='ocrx_word' id='word_1_165' title='bbox 607 1929 644 1987; x_wconf 89' lang='lat' dir='ltr'><strong>ab</strong></span> <span class='ocrx_word' id='word_1_166' title='bbox 665 1927 757 1998; x_wconf 88' lang='lat' dir='ltr'><strong>hoste,</strong></span> <span class='ocrx_word' id='word_1_167' title='bbox 780 1923 926 1984; x_wconf 87' lang='lat' dir='ltr'><strong>intervallo</strong></span> <span class='ocrx_word' id='word_1_168' title='bbox 950 1867 1020 1982; x_wconf 73' lang='lat' dir='ltr'><strong>aci</strong></span> 
     </span>
     <span class='ocr_line' id='line_1_23' title="bbox 121 2001 1079 2083; baseline 0.002 -25"><span class='ocrx_word' id='word_1_169' title='bbox 121 2053 122 2058; x_wconf 73' lang='grc'>,</span> <span class='ocrx_word' id='word_1_170' title='bbox 170 2016 259 2072; x_wconf 86' lang='lat' dir='ltr'><strong>tutus,</strong></span> <span class='ocrx_word' id='word_1_171' title='bbox 284 2005 401 2062; x_wconf 90' lang='lat' dir='ltr'><strong>tenebat</strong></span> <span class='ocrx_word' id='word_1_172' title='bbox 428 2023 476 2072; x_wconf 79' lang='lat' dir='ltr'><strong>se3</strong></span> <span class='ocrx_word' id='word_1_173' title='bbox 502 2007 606 2083; x_wconf 92' lang='lat' dir='ltr'><strong>quoad,</strong></span> <span class='ocrx_word' id='word_1_174' title='bbox 634 2007 755 2064; x_wconf 90' lang='lat' dir='ltr'><strong>multum</strong></span> <span class='ocrx_word' id='word_1_175' title='bbox 780 2021 814 2061; x_wconf 89' lang='lat' dir='ltr'><strong>ao</strong></span> <span class='ocrx_word' id='word_1_176' title='bbox 837 2003 886 2060; x_wconf 91' lang='lat' dir='ltr'><strong>diu</strong></span> <span class='ocrx_word' id='word_1_177' title='bbox 910 2001 1079 2079; x_wconf 79' lang='lat' dir='ltr'><strong>obtestanti,</strong></span> 
     </span>
     <span class='ocr_line' id='line_1_24' title="bbox 170 2081 1079 2160; baseline -0.002 -20"><span class='ocrx_word' id='word_1_178' title='bbox 170 2093 292 2158; x_wconf 91' lang='lat' dir='ltr'><strong>quatuor</strong></span> <span class='ocrx_word' id='word_1_179' title='bbox 305 2081 392 2139; x_wconf 88' lang='lat' dir='ltr'><strong>millia</strong></span> <span class='ocrx_word' id='word_1_180' title='bbox 405 2083 543 2159; x_wconf 90' lang='lat' dir='ltr'><strong>peditum,</strong></span> <span class='ocrx_word' id='word_1_181' title='bbox 562 2094 594 2141; x_wconf 89' lang='lat' dir='ltr'><strong>et</strong></span> <span class='ocrx_word' id='word_1_182' title='bbox 608 2085 754 2160; x_wconf 86' lang='lat' dir='ltr'><strong>quingenti</strong></span> <span class='ocrx_word' id='word_1_183' title='bbox 775 2081 886 2158; x_wconf 90' lang='lat' dir='ltr'><strong>equites</strong></span> <span class='ocrx_word' id='word_1_184' title='bbox 908 2081 939 2137; x_wconf 91' lang='lat' dir='ltr'><strong>in</strong></span> <span class='ocrx_word' id='word_1_185' title='bbox 963 2081 1079 2158; x_wconf 87' lang='lat' dir='ltr'><strong>supple·</strong></span> 
     </span>
     <span class='ocr_line' id='line_1_25' title="bbox 171 2159 1081 2228; baseline -0.001 -13"><span class='ocrx_word' id='word_1_186' title='bbox 171 2170 300 2216; x_wconf 89' lang='lat' dir='ltr'><strong>mentum</strong></span> <span class='ocrx_word' id='word_1_187' title='bbox 323 2160 399 2218; x_wconf 86' lang='lat' dir='ltr'><strong>missi</strong></span> <span class='ocrx_word' id='word_1_188' title='bbox 420 2179 459 2218; x_wconf 87' lang='lat' dir='ltr'><strong>ex</strong></span> <span class='ocrx_word' id='word_1_189' title='bbox 481 2161 581 2218; x_wconf 84' lang='lat' dir='ltr'><strong>Africa</strong></span> <span class='ocrx_word' id='word_1_190' title='bbox 597 2172 678 2218; x_wconf 85' lang='lat' dir='ltr'><strong>sunt.</strong></span> <span class='ocrx_word' id='word_1_191' title='bbox 719 2162 804 2228; x_wconf 88' lang='lat' dir='ltr'><strong>Tum,</strong></span> <span class='ocrx_word' id='word_1_192' title='bbox 828 2159 937 2218; x_wconf 73' lang='lat' dir='ltr'><strong>refecti</strong></span> <span class='ocrx_word' id='word_1_193' title='bbox 959 2159 1081 2225; x_wconf 79' lang='lat' dir='ltr'><strong>tandem</strong></span> 
     </span>
     <span class='ocr_line' id='line_1_26' title="bbox 172 2235 1079 2314; baseline -0.001 -19"><span class='ocrx_word' id='word_1_194' title='bbox 172 2255 232 2313; x_wconf 85' lang='lat' dir='ltr'><strong>spe,</strong></span> <span class='ocrx_word' id='word_1_195' title='bbox 246 2239 467 2314; x_wconf 83' lang='lat' dir='ltr'><strong>castrapropius</strong></span> <span class='ocrx_word' id='word_1_196' title='bbox 492 2239 604 2294; x_wconf 89' lang='lat' dir='ltr'><strong>bostem</strong></span> <span class='ocrx_word' id='word_1_197' title='bbox 628 2237 736 2297; x_wconf 86' lang='lat' dir='ltr'><strong>movit:</strong></span> <span class='ocrx_word' id='word_1_198' title='bbox 763 2237 940 2312; x_wconf 84' lang='lat' dir='ltr'><strong>classemque</strong></span> <span class='ocrx_word' id='word_1_199' title='bbox 965 2235 1079 2311; x_wconf 88' lang='lat' dir='ltr'><strong>etipse</strong></span> 
     </span>
     <span class='ocr_line' id='line_1_27' title="bbox 162 2311 1078 2392; baseline 0 -22"><span class='ocrx_word' id='word_1_200' title='bbox 162 2314 271 2373; x_wconf 47' lang='lat' dir='ltr'><strong>*instrui</strong></span> <span class='ocrx_word' id='word_1_201' title='bbox 285 2315 433 2392; x_wconf 88' lang='lat' dir='ltr'><strong>pararique</strong></span> <span class='ocrx_word' id='word_1_202' title='bbox 444 2315 528 2390; x_wconf 87' lang='lat' dir='ltr'><strong>jubet</strong></span> <span class='ocrx_word' id='word_1_203' title='bbox 537 2312 589 2368; x_wconf 77' lang='lat' dir='ltr'><strong>&#39;ad</strong></span> <span class='ocrx_word' id='word_1_204' title='bbox 611 2313 718 2370; x_wconf 88' lang='lat' dir='ltr'><strong>insulas</strong></span> <span class='ocrx_word' id='word_1_205' title='bbox 742 2311 971 2390; x_wconf 90' lang='lat' dir='ltr'><strong>maritimamque</strong></span> <span class='ocrx_word' id='word_1_206' title='bbox 995 2330 1078 2370; x_wconf 89' lang='lat' dir='ltr'><strong>oram</strong></span> 
     </span>
     <span class='ocr_line' id='line_1_28' title="bbox 171 2387 1080 2468; baseline 0 -18"><span class='ocrx_word' id='word_1_207' title='bbox 171 2391 342 2452; x_wconf 61' lang='lat' dir='ltr'><strong>tutandam.</strong></span> <span class='ocrx_word' id='word_1_208' title='bbox 370 2391 404 2448; x_wconf 94' lang='lat' dir='ltr'><strong>ln</strong></span> <span class='ocrx_word' id='word_1_209' title='bbox 424 2391 485 2467; x_wconf 90' lang='lat' dir='ltr'><strong>ipso</strong></span> <span class='ocrx_word' id='word_1_210' title='bbox 509 2387 619 2465; x_wconf 88' lang='lat' dir='ltr'><strong>impetu</strong></span> <span class='ocrx_word' id='word_1_211' title='bbox 638 2389 843 2446; x_wconf 88' lang='lat' dir='ltr'><strong>movendarum</strong></span> <span class='ocrx_word' id='word_1_212' title='bbox 857 2391 896 2448; x_wconf 91' lang='lat' dir='ltr'><strong>de</strong></span> <span class='ocrx_word' id='word_1_213' title='bbox 910 2392 1019 2468; x_wconf 89' lang='lat' dir='ltr'><strong>integro</strong></span> <span class='ocrx_word' id='word_1_214' title='bbox 1034 2409 1080 2450; x_wconf 73' lang='grc' dir='ltr'><strong>τε·</strong></span> 
     </span>
     <span class='ocr_line' id='line_1_29' title="bbox 170 2466 1077 2548; baseline -0.004 -20"><span class='ocrx_word' id='word_1_215' title='bbox 170 2489 244 2540; x_wconf 84' lang='lat' dir='ltr'><strong>rum,</strong></span> <span class='ocrx_word' id='word_1_216' title='bbox 259 2469 379 2548; x_wconf 91' lang='lat' dir='ltr'><strong>perculit</strong></span> <span class='ocrx_word' id='word_1_217' title='bbox 393 2487 458 2526; x_wconf 93' lang='lat' dir='ltr'><strong>eum</strong></span> <span class='ocrx_word' id='word_1_218' title='bbox 473 2466 681 2543; x_wconf 83' lang='lat' dir='ltr'><strong>praefectorum</strong></span> <span class='ocrx_word' id='word_1_219' title='bbox 706 2467 820 2524; x_wconf 88' lang='lat' dir='ltr'><strong>naviurn</strong></span> <span class='ocrx_word' id='word_1_220' title='bbox 845 2469 993 2526; x_wconf 81' lang='lat' dir='ltr'><strong>transitio:</strong></span> <span class='ocrx_word' id='word_1_221' title='bbox 1016 2468 1077 2543; x_wconf 93' lang='lat' dir='ltr'><strong>qui,</strong></span> 
     </span>
     <span class='ocr_line' id='line_1_30' title="bbox 171 2545 1081 2624; baseline -0.004 -17"><span class='ocrx_word' id='word_1_222' title='bbox 171 2559 238 2624; x_wconf 87' lang='lat' dir='ltr'><strong>post</strong></span> <span class='ocrx_word' id='word_1_223' title='bbox 250 2551 370 2607; x_wconf 84' lang='lat' dir='ltr'><strong>classem</strong></span> <span class='ocrx_word' id='word_1_224' title='bbox 384 2545 421 2602; x_wconf 91' lang='lat' dir='ltr'><strong>ad</strong></span> <span class='ocrx_word' id='word_1_225' title='bbox 435 2546 550 2603; x_wconf 89' lang='lat' dir='ltr'><strong>Iberum</strong></span> <span class='ocrx_word' id='word_1_226' title='bbox 569 2561 619 2620; x_wconf 90' lang='lat' dir='ltr'><strong>per</strong></span> <span class='ocrx_word' id='word_1_227' title='bbox 632 2561 766 2620; x_wconf 82' lang='lat' dir='ltr'><strong>pauorem</strong></span> <span class='ocrx_word' id='word_1_228' title='bbox 791 2545 934 2604; x_wconf 86' lang='lat' dir='ltr'><strong>desertam</strong></span> <span class='ocrx_word' id='word_1_229' title='bbox 955 2545 1081 2622; x_wconf 86' lang='lat' dir='ltr'><strong>graviter</strong></span> 
     </span>
     <span class='ocr_line' id='line_1_31' title="bbox 171 2621 1080 2702; baseline 0.002 -24"><span class='ocrx_word' id='word_1_230' title='bbox 171 2625 310 2701; x_wconf 84' lang='lat' dir='ltr'><strong>increpiti,</strong></span> <span class='ocrx_word' id='word_1_231' title='bbox 332 2641 476 2702; x_wconf 89' lang='lat' dir='ltr'><strong>nunquam</strong></span> <span class='ocrx_word' id='word_1_232' title='bbox 497 2621 601 2680; x_wconf 89' lang='lat' dir='ltr'><strong>deinde</strong></span> <span class='ocrx_word' id='word_1_233' title='bbox 621 2622 752 2680; x_wconf 82' lang='lat' dir='ltr'><strong>satisfidi</strong></span> <span class='ocrx_word' id='word_1_234' title='bbox 773 2634 822 2681; x_wconf 92' lang='lat' dir='ltr'><strong>aut</strong></span> <span class='ocrx_word' id='word_1_235' title='bbox 843 2624 919 2692; x_wconf 89' lang='lat' dir='ltr'><strong>duci,</strong></span> <span class='ocrx_word' id='word_1_236' title='bbox 940 2635 990 2681; x_wconf 93' lang='lat' dir='ltr'><strong>aut</strong></span> <span class='ocrx_word' id='word_1_237' title='bbox 1004 2623 1080 2680; x_wconf 86' lang='lat' dir='ltr'><strong>Kar·</strong></span> 
     </span>
     <span class='ocr_line' id='line_1_32' title="bbox 172 2698 1080 2777; baseline 0.006 -23"><span class='ocrx_word' id='word_1_238' title='bbox 172 2698 391 2773; x_wconf 85' lang='lat' dir='ltr'><strong>tbaginiensium</strong></span> <span class='ocrx_word' id='word_1_239' title='bbox 419 2704 513 2768; x_wconf 85' lang='lat' dir='ltr'><strong>rebus,</strong></span> <span class='ocrx_word' id='word_1_240' title='bbox 539 2701 661 2760; x_wconf 88' lang='lat' dir='ltr'><strong>fuerant.</strong></span> <span class='ocrx_word' id='word_1_241' title='bbox 702 2701 841 2758; x_wconf 89' lang='lat' dir='ltr'><strong>Fecerant</strong></span> <span class='ocrx_word' id='word_1_242' title='bbox 861 2702 889 2757; x_wconf 86' lang='lat' dir='ltr'><strong>lri</strong></span> <span class='ocrx_word' id='word_1_243' title='bbox 914 2701 1080 2777; x_wconf 82' lang='lat' dir='ltr'><strong>transfugae</strong></span> 
     </span>
     <span class='ocr_line' id='line_1_33' title="bbox 172 2777 1081 2855; baseline 0.004 -23"><span class='ocrx_word' id='word_1_244' title='bbox 172 2786 282 2832; x_wconf 85' lang='lat' dir='ltr'><strong>mot-um</strong></span> <span class='ocrx_word' id='word_1_245' title='bbox 296 2778 325 2833; x_wconf 91' lang='lat' dir='ltr'><strong>in</strong></span> <span class='ocrx_word' id='word_1_246' title='bbox 342 2781 540 2854; x_wconf 86' lang='lat' dir='ltr'><strong>Carpesiorum</strong></span> <span class='ocrx_word' id='word_1_247' title='bbox 555 2790 650 2855; x_wconf 89' lang='lat' dir='ltr'><strong>gente,</strong></span> <span class='ocrx_word' id='word_1_248' title='bbox 672 2778 905 2852; x_wconf 87' lang='lat' dir='ltr'><strong>desciverantque</strong></span> <span class='ocrx_word' id='word_1_249' title='bbox 924 2777 959 2832; x_wconf 90' lang='lat' dir='ltr'><strong>iis</strong></span> <span class='ocrx_word' id='word_1_250' title='bbox 978 2789 1081 2836; x_wconf 85' lang='lat' dir='ltr'><strong>aucto-</strong></span> 
     </span>
     <span class='ocr_line' id='line_1_34' title="bbox 173 2850 1082 2930; baseline 0.01 -25"><span class='ocrx_word' id='word_1_251' title='bbox 173 2850 251 2908; x_wconf 83' lang='lat' dir='ltr'><strong>ribus</strong></span> <span class='ocrx_word' id='word_1_252' title='bbox 265 2855 350 2910; x_wconf 88' lang='lat' dir='ltr'><strong>urbes</strong></span> <span class='ocrx_word' id='word_1_253' title='bbox 363 2855 490 2930; x_wconf 82' lang='lat' dir='ltr'><strong>aliquot:</strong></span> <span class='ocrx_word' id='word_1_254' title='bbox 511 2875 568 2913; x_wconf 89' lang='lat' dir='ltr'><strong>una</strong></span> <span class='ocrx_word' id='word_1_255' title='bbox 581 2857 667 2914; x_wconf 86' lang='lat' dir='ltr'><strong>etiam</strong></span> <span class='ocrx_word' id='word_1_256' title='bbox 680 2857 717 2910; x_wconf 89' lang='lat' dir='ltr'><strong>ab</strong></span> <span class='ocrx_word' id='word_1_257' title='bbox 738 2855 804 2928; x_wconf 86' lang='lat' dir='ltr'><strong>ipsis</strong></span> <span class='ocrx_word' id='word_1_258' title='bbox 824 2853 850 2908; x_wconf 89' lang='lat' dir='ltr'><strong>vi</strong></span> <span class='ocrx_word' id='word_1_259' title='bbox 870 2864 956 2926; x_wconf 86' lang='lat' dir='ltr'><strong>capta</strong></span> <span class='ocrx_word' id='word_1_260' title='bbox 975 2855 1082 2914; x_wconf 78' lang='lat' dir='ltr'><strong>iuerat.</strong></span> 
     </span>
     <span class='ocr_line' id='line_1_35' title="bbox 174 2925 1080 3002; baseline 0.006 -18"><span class='ocrx_word' id='word_1_261' title='bbox 174 2925 208 2984; x_wconf 93' lang='lat' dir='ltr'><strong>ln</strong></span> <span class='ocrx_word' id='word_1_262' title='bbox 223 2944 286 2984; x_wconf 90' lang='lat' dir='ltr'><strong>eam</strong></span> <span class='ocrx_word' id='word_1_263' title='bbox 306 2941 421 3002; x_wconf 84' lang='lat' dir='ltr'><strong>gentem</strong></span> <span class='ocrx_word' id='word_1_264' title='bbox 442 2949 554 2988; x_wconf 88' lang='lat' dir='ltr'><strong>versum</strong></span> <span class='ocrx_word' id='word_1_265' title='bbox 574 2936 612 2990; x_wconf 92' lang='lat' dir='ltr'><strong>ab</strong></span> <span class='ocrx_word' id='word_1_266' title='bbox 633 2932 767 2987; x_wconf 88' lang='lat' dir='ltr'><strong>llomanis</strong></span> <span class='ocrx_word' id='word_1_267' title='bbox 787 2929 893 2986; x_wconf 89' lang='lat' dir='ltr'><strong>bellum</strong></span> <span class='ocrx_word' id='word_1_268' title='bbox 911 2940 972 2994; x_wconf 83' lang='lat' dir='ltr'><strong>est;</strong></span> <span class='ocrx_word' id='word_1_269' title='bbox 992 2931 1080 2990; x_wconf 89' lang='lat' dir='ltr'><strong>infes-</strong></span> 
     </span>
     <span class='ocr_line' id='line_1_36' title="bbox 173 3005 1080 3086; baseline 0.006 -24"><span class='ocrx_word' id='word_1_270' title='bbox 173 3017 260 3080; x_wconf 88' lang='lat' dir='ltr'><strong>toque</strong></span> <span class='ocrx_word' id='word_1_271' title='bbox 273 3007 410 3072; x_wconf 87' lang='lat' dir='ltr'><strong>exercitu,</strong></span> <span class='ocrx_word' id='word_1_272' title='bbox 426 3008 602 3079; x_wconf 76' lang='lat' dir='ltr'><strong>Hasdrubal,</strong></span> <span class='ocrx_word' id='word_1_273' title='bbox 612 3010 754 3084; x_wconf 85' lang='lat' dir='ltr'><strong>ingressus</strong></span> <span class='ocrx_word' id='word_1_274' title='bbox 767 3023 865 3082; x_wconf 86' lang='lat' dir='ltr'><strong>agrum</strong></span> <span class='ocrx_word' id='word_1_275' title='bbox 880 3005 1017 3078; x_wconf 88' lang='lat' dir='ltr'><strong>bostium,</strong></span> <span class='ocrx_word' id='word_1_276' title='bbox 1027 3029 1080 3086; x_wconf 91' lang='lat' dir='ltr'><strong>pro</strong></span> 
     </span>
     <span class='ocr_line' id='line_1_37' title="bbox 175 3083 1079 3163; baseline 0.008 -24"><span class='ocrx_word' id='word_1_277' title='bbox 175 3093 276 3158; x_wconf 73' lang='lat' dir='ltr'><strong>captae</strong></span> <span class='ocrx_word' id='word_1_278' title='bbox 291 3092 357 3140; x_wconf 88' lang='lat' dir='ltr'><strong>ante</strong></span> <span class='ocrx_word' id='word_1_279' title='bbox 377 3084 438 3141; x_wconf 89' lang='lat' dir='ltr'><strong>dies</strong></span> <span class='ocrx_word' id='word_1_280' title='bbox 457 3105 566 3163; x_wconf 88' lang='lat' dir='ltr'><strong>paucos</strong></span> <span class='ocrx_word' id='word_1_281' title='bbox 587 3088 664 3144; x_wconf 89' lang='lat' dir='ltr'><strong>urbis</strong></span> <span class='ocrx_word' id='word_1_282' title='bbox 682 3085 841 3152; x_wconf 87' lang='lat' dir='ltr'><strong>moenibus,</strong></span> <span class='ocrx_word' id='word_1_283' title='bbox 863 3083 1002 3153; x_wconf 91' lang='lat' dir='ltr'><strong>Galbum,</strong></span> <span class='ocrx_word' id='word_1_284' title='bbox 1027 3105 1079 3146; x_wconf 90' lang='lat' dir='ltr'><strong>no·</strong></span> 
     </span>
     <span class='ocr_line' id='line_1_38' title="bbox 162 3159 1080 3237; baseline 0.007 -20"><span class='ocrx_word' id='word_1_285' title='bbox 162 3159 263 3218; x_wconf 81' lang='lat' dir='ltr'><strong>—bilenr</strong></span> <span class='ocrx_word' id='word_1_286' title='bbox 277 3161 476 3237; x_wconf 82' lang='lat' dir='ltr'><strong>Curpesiorum</strong></span> <span class='ocrx_word' id='word_1_287' title='bbox 497 3165 609 3232; x_wconf 90' lang='lat' dir='ltr'><strong>ducem,</strong></span> <span class='ocrx_word' id='word_1_288' title='bbox 630 3181 697 3223; x_wconf 90' lang='lat' dir='ltr'><strong>cum</strong></span> <span class='ocrx_word' id='word_1_289' title='bbox 718 3163 810 3220; x_wconf 91' lang='lat' dir='ltr'><strong>valido</strong></span> <span class='ocrx_word' id='word_1_290' title='bbox 830 3163 956 3220; x_wconf 85' lang='lat' dir='ltr'><strong>exercitu</strong></span> <span class='ocrx_word' id='word_1_291' title='bbox 979 3166 1080 3224; x_wconf 88' lang='lat' dir='ltr'><strong>castris</strong></span> 
     </span>
     <span class='ocr_line' id='line_1_39' title="bbox 163 3241 1081 3318; baseline 0.004 -22"><span class='ocrx_word' id='word_1_292' title='bbox 163 3255 239 3296; x_wconf 72' lang='lat' dir='ltr'><strong>vsese</strong></span> <span class='ocrx_word' id='word_1_293' title='bbox 265 3248 421 3308; x_wconf 88' lang='lat' dir='ltr'><strong>tenentem,</strong></span> <span class='ocrx_word' id='word_1_294' title='bbox 448 3242 564 3316; x_wconf 86' lang='lat' dir='ltr'><strong>aggredi</strong></span> <span class='ocrx_word' id='word_1_295' title='bbox 588 3242 697 3299; x_wconf 87' lang='lat' dir='ltr'><strong>statuit.</strong></span> <span class='ocrx_word' id='word_1_296' title='bbox 737 3241 896 3300; x_wconf 79' lang='lat' dir='ltr'><strong>Praemissai</strong></span> <span class='ocrx_word' id='word_1_297' title='bbox 918 3241 1008 3318; x_wconf 65' lang='lat' dir='ltr'><strong>igitur¹</strong></span> <span class='ocrx_word' id='word_1_298' title='bbox 1025 3241 1081 3300; x_wconf 85' lang='lat' dir='ltr'><strong>levi</strong></span> 
     </span>
     <span class='ocr_line' id='line_1_40' title="bbox 176 3317 1079 3395; baseline 0.004 -23"><span class='ocrx_word' id='word_1_299' title='bbox 176 3317 329 3386; x_wconf 81' lang='lat' dir='ltr'><strong>annaturti,</strong></span> <span class='ocrx_word' id='word_1_300' title='bbox 357 3333 430 3394; x_wconf 91' lang='lat' dir='ltr'><strong>quae</strong></span> <span class='ocrx_word' id='word_1_301' title='bbox 450 3317 566 3374; x_wconf 86' lang='lat' dir='ltr'><strong>eliceret</strong></span> <span class='ocrx_word' id='word_1_302' title='bbox 592 3319 689 3377; x_wconf 88' lang='lat' dir='ltr'><strong>hostes</strong></span> <span class='ocrx_word' id='word_1_303' title='bbox 710 3319 746 3377; x_wconf 90' lang='lat' dir='ltr'><strong>ad</strong></span> <span class='ocrx_word' id='word_1_304' title='bbox 766 3331 923 3386; x_wconf 86' lang='lat' dir='ltr'><strong>certamen,</strong></span> <span class='ocrx_word' id='word_1_305' title='bbox 949 3319 1079 3395; x_wconf 88' lang='lat' dir='ltr'><strong>peditum</strong></span> 
     </span>
     <span class='ocr_line' id='line_1_41' title="bbox 163 3393 1080 3474; baseline 0.007 -24"><span class='ocrx_word' id='word_1_306' title='bbox 163 3406 289 3466; x_wconf 40' lang='lat' dir='ltr'><strong>,partem</strong></span> <span class='ocrx_word' id='word_1_307' title='bbox 309 3393 346 3453; x_wconf 90' lang='lat' dir='ltr'><strong>ad</strong></span> <span class='ocrx_word' id='word_1_308' title='bbox 366 3393 598 3474; x_wconf 88' lang='lat' dir='ltr'><strong>depopulandum</strong></span> <span class='ocrx_word' id='word_1_309' title='bbox 656 3415 669 3451; x_wconf 92' lang='lat' dir='ltr'><strong>r</strong></span> <span class='ocrx_word' id='word_1_310' title='bbox 689 3415 773 3470; x_wconf 82' lang='lat' dir='ltr'><strong>agros</strong></span> <span class='ocrx_word' id='word_1_311' title='bbox 794 3398 898 3473; x_wconf 89' lang='lat' dir='ltr'><strong>passim</strong></span> <span class='ocrx_word' id='word_1_312' title='bbox 917 3396 1029 3461; x_wconf 87' lang='lat' dir='ltr'><strong>dimisit,</strong></span> <span class='ocrx_word' id='word_1_313' title='bbox 1046 3409 1080 3456; x_wconf 89' lang='lat' dir='ltr'><strong>ut</strong></span> 
     </span>
     <span class='ocr_line' id='line_1_42' title="bbox 177 3467 1132 3558; baseline 0.004 -30"><span class='ocrx_word' id='word_1_314' title='bbox 177 3471 309 3557; x_wconf 70' lang='lat' dir='ltr'><strong>palantes</strong></span> <span class='ocrx_word' id='word_1_315' title='bbox 322 3473 495 3556; x_wconf 83' lang='lat' dir='ltr'><strong>exicperent.</strong></span> <span class='ocrx_word' id='word_1_316' title='bbox 536 3469 615 3526; x_wconf 86' lang='lat' dir='ltr'><strong>Simu</strong></span> <span class='ocrx_word' id='word_1_317' title='bbox 640 3467 720 3528; x_wconf 81' lang='lat' dir='ltr'><strong>et&#39;ad</strong></span> <span class='ocrx_word' id='word_1_318' title='bbox 734 3487 829 3540; x_wconf 77' lang='lat' dir='ltr'><strong>castra</strong></span> <span class='ocrx_word' id='word_1_319' title='bbox 848 3475 986 3534; x_wconf 85' lang='lat' dir='ltr'><strong>tumultus</strong></span> <span class='ocrx_word' id='word_1_320' title='bbox 1006 3484 1080 3545; x_wconf 82' lang='lat' dir='ltr'><strong>etat,</strong></span> <span class='ocrx_word' id='word_1_321' title='bbox 1125 3543 1132 3558; x_wconf 28' lang='grc' dir='ltr'>ι</span> 
     </span>
    </p>
   </div>
   <div class='ocr_carea' id='block_1_3' title="bbox 0 0 1213 3932">
    <p class='ocr_par' dir='ltr' id='par_1_4' title="bbox 0 0 1213 3932">
     <span class='ocr_line' id='line_1_43' title="bbox 0 0 1213 3932; baseline 0 0"><span class='ocrx_word' id='word_1_322' title='bbox 0 0 1213 3932; x_wconf 95' lang='lat' dir='ltr'><strong> </strong></span> 
     </span>
    </p>
   </div>
   <div class='ocr_carea' id='block_1_4' title="bbox 1017 1925 1162 1984">
    <p class='ocr_par' dir='ltr' id='par_1_5' title="bbox 1017 1925 1162 1984">
     <span class='ocr_line' id='line_1_44' title="bbox 1017 1925 1162 1984; baseline 0.007 -1"><span class='ocrx_word' id='word_1_323' title='bbox 1017 1925 1082 1984; x_wconf 88' lang='lat' dir='ltr'><strong>ocis</strong></span> <span class='ocrx_word' id='word_1_324' title='bbox 1159 1953 1162 1960; x_wconf 91' lang='lat'><em>·</em></span> 
     </span>
    </p>
   </div>
  </div>
 </body>
</html>
