2406 3932
419 203 579 268 LIBER
607 204 720 266 XXIII.
963 215 1018 274 129

112 373 129 400 “
144 363 271 438 speratis,
286 379 372 439 quum
386 361 539 433 vincemur,
554 381 639 441 qnam
659 379 747 433 nune,
761 377 850 440 quum
869 360 1018 432 vincimus,

112 450 130 478 “
144 441 195 499 dat
217 436 322 498 namo?
363 437 437 514 Ego,
461 439 484 496 si
502 442 565 516 quit
583 443 620 500 de
639 458 711 516 paee
730 438 871 505 consulet,
893 457 944 499 seu
968 441 1017 500 de·

111 527 130 556 “
142 519 259 577 ferenda
277 518 417 584 hostibus,
446 534 502 574 seu.
526 517 700 593 aecipiendi,
728 518 831 586 habeo,
859 517 927 594 quid
955 538 1017 578 sen·

111 607 129 634 “
143 596 250 655 tentiae
269 596 382 653 dimmr
400 593 422 651 si
442 593 487 652 de
502 594 638 670 linquae
661 593 751 670 Mago
773 593 908 672 postulat,
932 597 1018 655 refer·

111 683 130 710 “
143 675 189 742 tis,
212 693 267 732 neo
290 672 445 730 victoribus
466 671 541 730 mitti
564 671 686 730 attinere
704 684 784 750 puto,
807 685 837 732 et
859 673 1017 734 frustranti·
1039 713 1042 722 ‚

110 758 128 790 ‘⁴
142 753 197 810 bus
210 770 265 808 nos
275 748 348 808 salse
360 760 446 826 atque
459 745 536 808 inani
550 766 601 828 spe
614 748 706 806 multo
719 749 812 808 onnus
829 771 932 811 censeo
953 753 1018 812 mit·

24 852 27 857 ·
109 829 230 887 “tenda
257 823 344 885 esse.''
385 827 474 886 Haud
499 828 607 886 multos
630 826 719 887 movit
746 827 896 888 Hannonis
917 832 1017 890 oratio.

108 925 176 964 nam
197 916 227 964 et
247 904 375 984 simultas
388 923 453 962 cum
467 905 574 963 familis
588 904 711 964 Barcina
723 905 856 964 leviorem
871 919 1015 968 auctorem

107 985 242 1047 faciebat,
264 994 294 1041 et
313 983 446 1058 occupati
466 984 551 1040 animi
572 984 714 1060 praesenti
733 983 844 1041 laetitiis
862 984 940 1052 nihil,
961 1005 1017 1062 quo

107 1062 207 1120 vanius
226 1061 308 1120 lieret
326 1059 463 1136 gaudium
483 1080 576 1130 suum,
596 1061 713 1120 autibus
740 1059 950 1121 admittebant:
970 1064 1017 1122 de·

108 1140 303 1216 bellatumque
329 1155 397 1195 mox
423 1138 493 1208 sore,
522 1140 544 1196 si
571 1139 661 1197 adniti
679 1139 826 1216 paululum
855 1137 1018 1208 voluissent,

107 1219 254 1276 rebantur.
292 1217 394 1306 Itaque
419 1216 530 1292 ingenti
554 1237 697 1276 consensu
723 1218 756 1274 iit
789 1217 1018 1276 senatusconsul-

108 1308 179 1362 tum,
205 1306 238 1352 ut
261 1293 417 1352 Hannibali
442 1299 563 1370 quatum
585 1295 774 1354 Numidarum
792 1294 881 1352 millia
903 1294 932 1352 ln
951 1313 1018 1373 sup.
1053 1361 1056 1368 ¹

106 1373 285 1450 piamentum
297 1371 485 1441 mitterentur,
500 1385 530 1432 et
550 1373 738 1450 quadraginta
750 1371 905 1450 elephanti,
926 1384 960 1430 et·
974 1391 1018 1432 ar·

106 1451 186 1526 genti
206 1450 296 1506 multa
316 1449 433 1507 talenta.
474 1450 664 1526 Dictetnrque
677 1470 744 1507 cum
759 1451 887 1525 Magone
907 1448 936 1506 in
950 1451 1019 1510 His·

106 1528 221 1604 panmm
235 1527 406 1603 praemissus
420 1537 474 1594 est,
487 1527 525 1584 ad
541 1527 731 1588 conducenda
744 1527 842 1603 vIgInti
862 1527 950 1585 millia
970 1549 1019 1606 pe·

106 1605 208 1673 ditum,
229 1613 351 1680 quatuor
371 1603 508 1679 equitum,
529 1604 633 1682 quibus
653 1604 804 1674 exereitus,
826 1604 873 1682 qui
892 1605 922 1662 in
935 1605 1019 1667 Italia

108 1682 213 1760 quique
226 1680 255 1738 in
272 1681 411 1757 Hispania
423 1693 514 1752 erant,
529 1681 737 1760 supplerentur.

144 1759 227 1816 XIV.
267 1758 425 1818 Cartenna
446 1758 528 1835 haec,
550 1759 631 1817 utin
657 1759 791 1818 secundis
810 1761 907 1829 rebus,
926 1764 1019 1838 segni-

107 1850 151 1896 ter
170 1838 319 1913 otioseque
339 1849 430 1911 gesta.
449 1840 451 1861 ²
471 1837 627 1912 Romanos,
648 1847 762 1916 praeter
781 1837 895 1895 insitam
921 1838 1020 1900 indus·

106 1915 189 1974 triam
209 1913 319 1980 animis,
340 1913 454 1972 fortuna
480 1915 566 1972 etiarn
589 1916 718 1974 cunctati
744 1915 927 1992 prohibebat.
950 1935 1018 1976 nam

104 2011 161 2051 nec
180 1991 280 2048 consul
295 1990 344 2047 ulli
357 1992 408 2058 rei,
429 2010 503 2067 quae
523 2011 574 2068 per
586 2011 652 2049 eum
672 1994 784 2069 agenda
797 2004 882 2062 esset,
903 1993 1020 2062 deernt;

106 2080 136 2128 et
157 2069 288 2138 dictator,
310 2067 354 2124 M.
375 2069 480 2126 lunius
500 2069 582 2138 Pera,
602 2071 690 2128 rebus
704 2070 805 2126 divinis
819 2071 963 2147 pertecns,
977 2073 1018 2132 la·

106 2160 203 2225 toque,
224 2158 257 2204 ut
276 2145 359 2214 solet,
379 2145 416 2202 ad
436 2146 583 2222 populum,
604 2159 636 2206 nt
657 2161 762 2224 equum
777 2149 931 2206 oscendere
949 2150 1019 2210 lice·

105 2237 158 2293 ret,
179 2235 293 2302 praeter
311 2223 384 2282 duas
404 2225 528 2284 urbanas
547 2225 683 2302 legiones,
705 2243 779 2302 quae
802 2224 892 2301 prisci
909 2215 917 2250 ‘
951 2231 1018 2287 anni

103 2322 126 2361 a
137 2302 302 2362 oonsulibus
315 2301 493 2380 conscriptae
512 2303 635 2372 fuerant,
650 2315 679 2362 et
699 2321 844 2361 serrorum
864 2303 901 2360 de
912 2316 1018 2374 ectum,

107 2381 297 2456 cohortesque
308 2399 346 2438 ex
365 2398 434 2456 agro
449 2381 557 2440 Pleeno
576 2393 607 2440 et
627 2381 740 2440 Gallico
753 2380 898 2449 collectas,
919 2383 957 2440 ad
977 2384 1020 2439 ul-

13 2491 14 2524 t
107 2458 208 2516 timum
235 2477 324 2534 prope
351 2459 519 2534 desperatae
551 2459 726 2536 reipublicae
757 2459 902 2526 auxilium,
931 2477 1018 2532 quum

62 2569 65 2578 ·
107 2536 230 2594 honesta
248 2535 367 2592 utilibus
386 2535 501 2604 sedunt,
517 2537 676 2606 descendit,
695 2536 860 2612 edixitque:
901 2533 959 2596 Qui
973 2553 1019 2593 ee·

105 2613 224 2692 pitalem
238 2611 367 2668 fraudem
388 2613 458 2680 ausi,
480 2613 594 2689 quique,
608 2613 748 2688 pecuniae
765 2609 895 2688 judicati,
909 2609 938 2667 in
959 2611 1017 2670 vin-

105 2691 180 2750 culis
194 2701 299 2757 essent,
314 2688 361 2765 qui
374 2705 473 2746 eorum
493 2690 570 2766 apud
584 2707 616 2746 se
629 2689 733 2747 milites
751 2689 862 2755 fierent,
877 2705 926 2745 eos
939 2693 1016 2750 noxa

106 2768 286 2846 pecuniane
306 2785 371 2824 sese
387 2765 495 2823 exsolvi
518 2770 674 2843 jussumm.
714 2766 759 2823 Ea
779 2784 830 2823 sex
853 2764 940 2824 millia
965 2769 1016 2826 ho·

106 2847 215 2904 minum
230 2787 349 2903 lisllicia
362 2843 467 2922 spoliis,
481 2863 557 2921 quae
575 2843 719 2921 triumpho
734 2844 769 2902 C.
783 2843 912 2902 Flaminii
926 2851 1016 2904 trans‘-

106 2925 166 2982 lata
179 2923 270 2992 erent,
284 2923 411 2982 armauit.
432 2923 529 3000 itaque
542 2943 609 2982 curn
625 2922 728 2999 uiginti
748 2923 873 3000 quinque
892 2923 1017 2982 millibus

107 3014 280 3060 nrmatmum
293 3002 331 3059 ab
345 3002 417 3058 urbe
437 3001 632 3076 proficiscitur.
673 3000 829 3069 Hannibal,
851 3001 953 3078 Capua
972 3021 1017 3060 re·

106 3080 203 3156 cepta,
231 3095 318 3153 quum
345 3077 448 3136 iterum
482 3077 736 3156 Neapolitanorum
768 3079 886 3146 anianus,
914 3078 1017 3155 partim

106 3174 168 3234 spe,
184 3155 285 3232 partim
299 3169 387 3226 metu,
408 3175 427 3212 n
465 3156 596 3232 uinquam
617 3157 766 3224 temtmet,
786 3156 815 3212 in
835 3159 935 3230 mum
957 3156 1017 3212 No-

13 3227 14 3240 *
107 3235 206 3292 lanum
227 3232 383 3290 exereitum
402 3244 429 3290 tr
468 3233 544 3292 unit:
565 3246 603 3302 et,
624 3244 657 3292 ut
675 3253 735 3291 non
754 3233 894 3292 hostiliter
911 3233 1016 3298 statim,

109 3311 175 3388 quia
202 3328 259 3366 non
287 3309 458 3386 desperabat
484 3311 671 3370 voluntariam
704 3311 891 3376 deditionem,
917 3309 966 3374 ita,
994 3307 1017 3363 si

109 3398 287 3448 morarentur
312 3405 401 3464 spem,
428 3387 497 3444 nihil
524 3407 632 3460 eorum,
660 3407 733 3465 qnae
760 3387 818 3462 pati
841 3395 892 3441 aut
917 3383 1018 3442 timere

109 3478 234 3543 possent,
255 3463 513 3544 praetermissurus.
555 3467 688 3535 Senatus,
709 3483 744 3524 ae
763 3460 887 3520 maxime
913 3458 1017 3534 primo·
