2386 3930
385 209 539 256 uoruneu
559 211 595 250 nr
617 207 745 256 uranum
766 209 844 252 xxa.
1009 195 1068 256 sto

152 356 171 390 “
184 363 271 427 quom
286 351 448 426 fluentem,
472 351 601 410 denotat.
648 348 723 408 Mox
745 347 900 426 legendum
920 345 1033 406 videtur
1052 369 1068 408 e

152 435 172 464 “
186 428 277 486 media
291 426 376 486 acie.''
910 427 1068 486 Cnevmtt.
1111 485 1116 494 ,

160 557 163 564 .
190 509 238 566 49.
259 505 339 564 LVI.
359 523 448 584 prope
468 507 563 564 finem.
608 506 693 574 Qrtod
714 527 748 566 ee
767 525 871 586 magau
886 515 973 588 parte
991 485 1071 564 atti-³

73 635 75 640 .
152 592 220 642 tum.
259 583 357 659 Iunge
372 585 449 664 quod
460 584 591 642 militum.

190 667 239 722 50.
277 660 375 718 LVII.
394 663 412 720 l·
426 667 475 722 20.
495 661 570 742 Ejus
583 661 691 720 castelli
704 659 889 742 oppugnandi
901 682 957 741 spe.
979 669 997 698 “
1013 659 1066 718 Fa·

151 747 171 778 “
186 739 241 798 ciIe
255 738 323 816 quid
337 753 534 818 oppugnatum
554 741 604 798 sod
630 742 805 816 expugnatio
829 760 842 797 s
864 752 967 798 eretur.
1008 739 1067 796 lta-

152 826 172 856 “
186 837 241 895 que
255 819 333 894 leges
347 819 537 898 expugnandi,
560 818 672 895 siquid
696 817 768 874 ratio
791 817 819 874 in
843 761 887 874 Iiis
912 819 996 888 valet,
1012 817 1069 876 'aut

154 904 174 934 ‘⁸
187 897 361 974 exemplum,
381 916 437 973 quo
457 897 523 956 Lib.
547 896 610 954 XL.
630 901 678 955 et.
698 895 804 954 ibidem
825 896 949 954 restituit
968 900 979 955 ὲ
1000 921 1069 958 aeto

152 983 171 1012 ·‘
186 973 374 1034 Gronovius.”
394 975 467 1034 Iac.
483 976 690 1038 Pnnreonrus.
711 973 886 1050 Saepissime
899 973 940 1031 ita
958 976 1069 1036 variant

152 1051 217 1112 libri
231 1053 337 1130 scripti,
358 1063 390 1110 ut
404 1063 527 1111 testatur
539 1052 794 1112 Drakenborchius
808 1051 845 1108 ad
865 1051 943 1124 hunc
963 1053 1068 1114 locum.

190 1137 239 1192 at.
278 1131 391 1190 LVIII.
404 1127 494 1188 initio.
535 1131 591 1190 Pro
605 1131 685 1189 itaud
696 1130 789 1209 longis
803 1130 869 1188 iude
888 1131 1068 1210 temporibus,

153 1209 316 1268 Gronovius
337 1208 499 1285 suspicatur
519 1208 597 1268 haud
615 1209 696 1289 longi
717 1209 784 1268 inde
805 1209 938 1288 temporis
945 1234 959 1277 ,·
982 1229 1069 1288 quam

153 1291 349 1363 eonjecturam
363 1289 466 1364 probat
481 1285 606 1346 Crevier.
640 1303 645 1309 ·
923 1293 927 1298 “
968 1339 976 1352 ,

192 1369 241 1425 52.
280 1363 361 1422 LIX.
381 1365 400 1425 I.
417 1371 462 1426 19.
502 1366 559 1425 Pro
583 1367 699 1434 medius,
724 1385 825 1426 omnes
849 1365 947 1443 scripti
969 1366 1013 1426 vel
1030 1368 1075 1446 ¹de

114 1460 118 1468 ’
152 1442 198 1502 his
210 1443 255 1504 vei
269 1445 304 1503 de
316 1444 353 1503 iis
364 1469 377 1511 ,-
399 1444 476 1500 unde
490 1443 605 1516 Lipsius
618 1443 772 1516 legendum
794 1455 877 1517 putat
897 1445 1016 1504 mediis:
1039 1459 1073 1504 at

153 1517 281 1584 Gronov.
296 1519 405 1576 mavult
418 1517 534 1586 medius,
556 1531 586 1574 ut
599 1517 739 1574 referatur
752 1518 789 1572 ad
810 1519 911 1576 dextris
932 1521 1071 1600 laevique

152 1597 272 1656 emissos
292 1595 397 1672 pariter
417 1595 537 1670 equum,
562 1613 683 1671 qrrorum
701 1595 762 1670 ipse
786 1613 852 1651 curn
877 1596 1021 1672 peditibus
1041 1621 1071 1660 e·

153 1685 198 1734 rat
212 1673 328 1736 medius.
361 1671 516 1730 ‘Drakenb.
530 1685 560 1731 et
575 1673 692 1731 Crevier
705 1671 882 1730 Gronovium
904 1690 1072 1752 sequuntur.

193 1757 240 1814 53.
280 1751 501 1810 LX111.1.11.
556 1751 646 1820 Quive
678 1751 817 1809 senatoris
844 1761 931 1830 pater
949 1754 1070 1828 ficisset.

154 1831 239 1890 Haec
254 1841 402 1906 corrupta.
443 1815 500 1886 Vii
520 1829 695 1898 dubitamus,
717 1829 784 1906 quin
805 1849 871 1888 cum
898 1830 1010 1889 Roe'llio
1030 1832 1072 1892 Ie·

152 1908 278 1986 gendum
294 1909 330 1966 sit
341 1908 420 1968 cuive
433 1917 547 1966 senator
554 1908 769 1988 patersuisset.
812 1911 934 1968 Senator
946 1910 974 1966 in
989 1931 1071 1970 seau-
1117 1945 1124 1958 =

153 1988 225 2046 toris
239 1997 380 2044 mutatum
395 1985 507 2044 videtur
520 1989 557 2044 ab
571 1987 676 2063 aliquo,
691 1987 738 2064 qui
759 1993 787 2045 τὸ
812 1987 862 2067 qni
885 1990 997 2065 accepit
1017 2009 1069 2066 pro

154 2064 339 2132 nominativo,
354 2084 441 2141 quoin
456 2083 553 2122 revere
568 2077 643 2121 esset
657 2065 778 2124 dativus.
823 2065 914 2133 Quive
933 2067 1073 2126 senatoris

143 2141 231 2219 filius
245 2143 282 2202 ad
297 2161 376 2202 oram
396 2141 470 2198 Livii
493 2146 563 2200 Ant.
588 2141 763 2200 Perizonius.
806 2143 863 2200 Sed
888 2157 948 2202 turn
973 2145 1071 2206 dicen·

154 2220 223 2288 dum
236 2213 338 2282 suis'set
347 2222 436 2308 paine
448 2221 588 2297 senatoris
595 2219 684 2298 filius
697 2239 802 2292 esser,
816 2240 873 2280 non
909 2223 1002 2284 uisset.

473 2395 509 2436 ru
529 2393 656 2446 manunt
677 2397 755 2436 xxti.

129 2535 132 2544 ’
197 2538 224 2592 1.
266 2535 338 2596 c.1.
358 2535 420 2594 tt.
463 2535 551 2606 Galli,
572 2544 722 2616 postquam
743 2553 804 2594 eno
826 2553 873 2602 no,
896 2551 938 2591 ur
960 2531 1016 2612 ipsi
1038 2556 1072 2595 ee

156 2609 250 2670 aluno
264 2633 336 2692 agro
350 2621 481 2693 raperent
494 2624 681 2692 agerentque.
694 2635 761 2672 suas
780 2623 872 2670 terras
895 2609 986 2670 sedem
1008 2611 1074 2671 delii
1176 2641 1177 2654 ¹

157 2709 215 2748 esse
226 2689 366 2750 uiderunt.
400 2690 465 2748 The
480 2687 581 2758 Gauis,
596 2692 669 2749 after
683 2692 829 2768 meysam,
844 2691 917 2758 that,
932 2707 1071 2750 tusrueu
1175 2735 1176 2738 η

156 2767 192 2825 of
200 2767 280 2826 their·
288 2768 459 2847 plundering
472 2768 522 2846 the
536 2768 617 2826 lunds
631 2769 665 2826 of
681 2768 788 2837 othere,
810 2769 884 2826 theIr
904 2788 967 2824 own
992 2770 1072 2828 terri-

156 2846 243 2906 tories
260 2867 334 2910 were
349 2849 398 2907 the
413 2860 474 2910 seat
489 2847 523 2903 of
539 2847 589 2904 the
611 2865 677 2904 war.
719 2844 787 2906 Hoc
811 2847 982 2918 monuimus,
1004 2849 1072 2925 quia

157 2923 226 2984 Gut.
242 2927 358 2987 WaIIrer
371 2928 449 2984 harno
469 2926 565 2984 Iocum
590 2926 683 2984 minue
703 2939 783 2986 reete
803 2925 964 3004 explicavit.
1005 2925 1071 2984 Vid.

158 2999 286 3062 Tractat.
300 3007 337 3064 de
352 3006 481 3082 Linguae
498 3004 612 3082 Anglic.
628 3004 787 3074 Perticalis,
798 3025 864 3083 pag.
881 3011 925 3064 19.

197 3083 226 3136 2.
266 3081 290 3137 Ι.
310 3082 330 3138 l.
343 3088 390 3142 41.
430 3083 588 3161 Lunaeque
611 3083 687 3140 iuter
710 3084 824 3142 imbrem
851 3081 985 3141 cadentis.
1027 3080 1071 3140 Si·

158 3157 261 3231 gonius
295 3159 365 3237 legit
391 3160 545 3229 caedentis,
578 3161 597 3217 i.
625 3179 651 3218 e.
684 3161 868 3238 splendentis.
921 3158 1071 3220 Drakenb.
1150 3205 1170 3236 ,η

159 3238 235 3312 conj.
248 3235 386 3318 iaaaeque
398 3239 532 3296 cadentis.
831 3309 835 3316 ι
1168 3261 1169 3274 ’

198 3318 226 3372 3.
260 3311 342 3374 Ibid.
362 3317 380 3373 I.
394 3323 441 3376 50.
482 3317 558 3376 Diui
571 3315 751 3376 carminibus.
793 3315 901 3374 Omnes
916 3311 1012 3392 scripti
1027 3315 1070 3372 di·

158 3389 234 3456 siais
246 3394 426 3465 carminibus,
437 3407 553 3472 praetur
566 3415 664 3467 unum,
686 3395 733 3473 qui
755 3394 842 3454 habet
863 3394 944 3453 diuis.
986 3391 1072 3454 Unde
