2534 4010
472 219 642 298 arnan
663 215 762 282 xun.
1032 219 1100 290 το·

163 383 275 458 basque
297 379 326 440 io
346 379 432 440 rebus
458 377 593 438 mundis
617 375 903 456 apamenum
924 387 959 446 ¹ot
986 375 1071 438 timor

164 457 307 535 mitigasse
320 457 408 518 videri
427 465 551 590 poterat.
590 457 738 514 Romanm
759 454 852 532 primo
870 453 1007 524 adventu,
1027 457 1072 514 ia·

166 535 297 613 cognitus
316 546 431 606 antea
471 551 503 590 re
521 532 655 592 clementi
671 532 838 609 liberalique
860 532 972 594 initium
994 533 1071 594 ioce-

165 625 229 672 rat:
257 626 287 674 et
312 612 442 682 Abelux,
469 609 512 666 vir
532 607 666 688 prudent,
692 609 771 668 baud
796 609 901 670 frustra
919 611 1070 675 videbatur

164 691 256 750 socios
284 691 421 750 mutieae.
453 687 551 764 itaque
576 685 687 762 ingenti
711 705 852 748 concensu
878 689 1071 752 defectionem

163 785 266 828 omnes
277 777 428 844 spectare:
449 782 584 843 armaque
597 775 693 824 extem
714 763 744 821 lo
757 776 835 826 mota
852 766 956 839 forent,
979 769 1008 828 ni
1027 769 1071 838 bi·¹

159 844 702 998 tmilbtlffllrltt,
727 842 950 920 mmm
969 865 1072 908 ⁰⁰⁸⁰*

204 999 321 1058 xx111.
359 1000 454 1058 Hnao
473 999 502 1056 in
521 999 664 1076 Hispania
684 1016 798 1076 quoque
819 999 946 1056 secanda
964 1013 1073 1064 sertem

164 1075 266 1138 Punici
280 1075 348 1136 belli
361 1089 453 1153 gesta,
467 1095 556 1154 quum
568 1077 599 1134 iu
617 1075 702 1136 ltalia
720 1075 837 1153 paulum
858 1075 999 1132 intervalli
1017 1079 1076 1136 ola-

164 1149 250 1230 dibu's
271 1155 410 1214 Romania
433 1154 523 1214 solers
536 1154 680 1212 cunetatio
694 1153 775 1212 Fabii
788 1151 920 1214 fecisset:
941 1170 1025 1230 quae,
1045 1145 1077 1220 ui

165 1231 362 1310 Hannibalem
376 1252 434 1292 non
448 1231 583 1292 mediocri
597 1231 749 1291 sollicitum
764 1233 835 1290 cord
854 1225 993 1302 babebat,
1012 1244 1075 1292 taa-

166 1309 235 1370 dem
258 1325 326 1370 eum
351 1311 467 1368 militiae
490 1311 657 1386 magistrum
680 1309 822 1385 delegisse
846 1308 994 1370 Romanas
1013 1331 1075 1370 cer·

165 1399 294 1457 nentem,
316 1387 364 1465 qui
386 1388 494 1446 bellum
517 1389 637 1456 ratione,
658 1405 717 1446 non
739 1385 863 1457 t'ortund,
885 1399 1015 1463 gererem
1034 1389 1076 1450 ita

166 1477 332 1543 contempta
345 1476 406 1541 erat
425 1466 499 1526 inter
519 1465 605 1534 cives,
624 1476 749 1525 armatos
770 1464 875 1541 pariter
896 1477 1074 1544 togatosque,

165 1543 266 1619 utique
279 1553 443 1618 postquam,
462 1543 583 1602 absente
603 1560 649 1610 eo,
669 1541 830 1600 temeritate
851 1543 978 1618 magistri
998 1545 1076 1622 equi»

167 1632 239 1688 tum,
253 1620 332 1678 laeto
345 1619 438 1678 verius
457 1617 586 1688 dixerim,
611 1636 696 1698 quam
717 1637 862 1696 prospero,
880 1632 986 1683 aventu
1004 1641 1077 1700 pug-

167 1708 267 1754 natum
280 1697 384 1756 fuerat.
422 1699 616 1770 Accesserant
636 1695 712 1755 duae
729 1715 776 1754 ree
795 1695 833 1754 ad
855 1698 1016 1773 augendam
1035 1700 1078 1756 ina

161 1769 270 1834 ³sidiam
284 1773 449 1833 dictatoris:
472 1791 530 1832 uua
541 1771 642 1832 fraude
655 1791 691 1832 ae
704 1772 772 1831 dolo
786 1773 978 1843 Hannibalis,
990 1777 1080 1852 qaod,

164 1859 301 1928 quum'a
327 1851 502 1930 perfugieei
525 1861 699 1910 monstratus
725 1870 795 1927 ager
820 1849 969 1912 dictatoria
991 1865 1081 1926 esset,

168 1929 304 1988 omuibus
320 1929 396 1988 eirea
415 1929 476 1988 solo
494 1927 631 2004 aequatis,
653 1930 690 1987 ab
708 1949 766 1986 uno
782 1948 818 1988 eo
838 1929 945 1989 ferrum
967 1928 1080 2006 iguem·

169 2025 226 2082 que
246 2014 276 2062 et
294 2005 351 2062 rim
371 2023 486 2065 omnem
505 2004 631 2062 bostium
651 2006 787 2066 abstineri
806 2004 901 2083 jussit,
924 2019 958 2066 ut
974 2009 1081 2068 occulti

170 2083 292 2158 alicujus
304 2082 382 2160 pacti
395 2099 432 2140 ea
452 2100 563 2142 merces
575 2079 663 2140 videri
682 2095 777 2158 posset
789 2104 797 2140 r
815 2084 907 2142 altera
917 2085 1006 2174 ipsius
1020 2086 1081 2156 iae,

167 2174 211 2230 ta,
224 2159 318 2238 primo
330 2156 449 2232 forsitan
463 2159 560 2229 dubio,
576 2157 642 2236 quia
659 2178 717 2219 non
738 2172 905 2236 exspectata
926 2181 956 2222 m
977 2182 1014 2220 ao
1033 2183 1078 2224 re-

170 2242 255 2298 natus
281 2238 439 2298 auctoritas
465 2247 518 2308 est,
545 2237 582 2296 ad
608 2248 769 2296 extremum
792 2237 871 2294 baud
892 2238 1026 2316 ambigue
1048 2243 1080 2300 ia

169 2319 324 2376 maximam
337 2316 453 2376 laudem
466 2334 557 2386 verso,
579 2315 609 2372 in
622 2314 817 2392 permutandis
834 2315 972 2393 captivis:
992 2319 1081 2395 quod,

169 2394 245 2456 sicut
259 2396 350 2472 primo
365 2393 474 2452 Punico
493 2393 570 2452 bello
589 2391 698 2452 sactum
722 2405 795 2462 arat,
813 2405 986 2454 convenerat
1005 2397 1082 2456 inter

173 2474 262 2536 duces
281 2473 445 2530 Romanum
464 2469 661 2546 Poenumque,
682 2481 723 2539 ut,
742 2488 816 2547 quae
837 2489 903 2547 pars
923 2471 989 2546 plue
1009 2472 1079 2528 reci·

192 2562 267 2620 oret,
276 2568 363 2626 quam
377 2549 466 2618 daret,
480 2547 699 2624 argentipondo
712 2547 782 2606 bina
795 2559 827 2606 et
845 2547 965 2606 selibrae
979 2547 1010 2602 in
1029 2548 1083 2606 mi·

169 2569 255 2686 item
268 2634 441 2702 praestaret.
479 2625 632 2684 Ducentos
651 2620 842 2700 quadraginta
863 2634 979 2700 septem
994 2641 1083 2702 quum

174 2705 272 2782 plures
295 2702 453 2772 Romanus,
478 2719 563 2778 quam
587 2699 713 2767 Poenus,
732 2699 896 2776 recepisset,
919 2715 1082 2778 argentum·

174 2801 231 2859 que
244 2799 296 2863 pro
310 2779 351 2847 eis
364 2779 504 2849 debitum,
525 2797 611 2856 saepe
628 2775 738 2854 jactata
751 2777 780 2836 in
800 2790 902 2838 senatu
920 2798 960 2850 re,
982 2783 1083 2858 quoni·

175 2878 222 2922 am
241 2877 299 2918 non
320 2858 510 2920 consuluisset
532 2857 643 2927 Patres,
668 2855 776 2916 tardius
794 2868 977 2936 erogaretur3
995 2861 1087 2925 invio·

171 2937 266 2998 mum
279 2939 316 2996 ab
330 2936 414 2999 hoste
426 2955 534 3014 agrum,
550 2930 637 2994 misso
654 2933 780 2994 Romam
799 2936 909 3000 Quinto
927 2937 994 3010 lilio,
1015 2957 1086 2998 ven„
1153 2941 1158 2953 ¹

176 3015 258 3084 didit,
291 3015 434 3091 fidemque
466 3015 612 3091 publicam
639 3011 785 3090 impendio
819 3013 928 3090 privato
955 3015 1085 3074 exsolvit.

177 3091 324 3164 Hannibal
339 3111 390 3170 pro
404 3091 522 3152 Geronii
534 3090 695 3163 moenibus,
714 3093 796 3169 cujus
815 3093 902 3162 urbia,
924 3107 1027 3171 captae
1039 3105 1085 3154 at»

178 3185 236 3246 que
248 3169 380 3229 incensae
394 3169 432 3226 ab
445 3187 485 3238 ae,
504 3167 534 3226 in
554 3188 637 3231 usum
660 3169 826 3228 horreorum
849 3188 943 3248 pauca
965 3172 1084 3246 relique-

176 3256 224 3306 rat
237 3255 325 3312 tecta,
338 3247 367 3306 in
385 3245 494 3306 stativis
513 3258 583 3306 erat.
601 3245 668 3306 inde
686 3247 893 3306 frumentatum
914 3248 986 3306 duas
1005 3263 1087 3304 eaer-

177 3324 255 3384 eitdr
267 3333 363 3401 partes
382 3323 535 3382 mittebat:
555 3343 622 3384 eum
640 3326 727 3386 tertia
740 3325 803 3404 ipse
821 3323 956 3402 expedita
974 3322 1005 3381 iu
1026 3329 1086 3378 stu·

159 3403 263 3466 none
280 3411 351 3470 erat
375 3401 457 3462 simul
482 3401 581 3462 caruis
602 3403 751 3481 praesidio,
779 3415 810 3462 et
836 3401 1088 3471 cicumspectus,

177 3479 311 3552 amando
323 3479 447 3562 impetus
459 3475 487 3543 iu
500 3479 720 3545 frumentatores
731 3481 824 3542 fieret.
