2406 3932
169 161 227 230 stu
476 171 481 178 ·
524 152 763 226 bittit..

169 312 202 376 a,
221 310 318 388 itaque
338 309 397 368 duo
410 309 531 371 diversa·
543 311 765 388 prosiluerant:
797 319 919 388 utroque
931 375 933 382 ¹
943 307 1081 388 amnt,

168 399 204 451 ut·
216 387 272 466 qui,
294 387 382 466 pulsis
396 389 511 448 tandem
532 389 642 458 mediis,
657 399 693 446 et
706 407 824 446 numero
838 398 868 446 ct
888 389 992 446 robore
1006 386 1080 447 viro-

168 487 233 528 rum.
256 476 443 544 praestarent,
464 465 650 526 hauddubie
670 467 848 542 superarunt.
897 465 1011 540 Magna
1038 465 1082 523 ris

165 543 317 604 homiuum
330 544 370 602 ibi
394 543 509 610 occisa3
536 556 576 614 et,
596 543 649 614 nisi
664 543 786 620 Hispani
806 540 922 601 vixdum
942 553 1080 603 conserto

168 623 279 713 proelio
293 634 351 682 tam
373 621 462 680 effuse
483 621 633 698 fugissent,
654 620 788 698 perpauci
808 641 846 679 ex
866 631 927 678 tota
946 619 1080 697 superfu-

165 711 257 758 issent
269 699 728 776 acie„-,Equestriatprrgna,nulla
740 699 898 772 admodum
907 698 978 758 fuit:
999 697 1078 775 quia,

165 778 251 848 simul
264 777 430 839 inclinatam
445 777 569 836 mediam
592 777 683 838 aciem
697 775 796 836 Mauri
818 776 1017 854 Numidaeque
1036 775 1080 832 vi-

168 855 282 923 derunt,
302 855 448 932 externplo
468 856 539 932 fugai
563 853 653 912 effusa
670 853 748 911 nuda
775 872 894 923 cornua,
918 852 1081 932 elephantia

167 953 282 1010 quoque
295 951 363 1010 prae
377 951 408 993 se
422 933 502 1001 actis,
524 932 685 992 deseruere.
738 931 779 992 Et
793 932 971 1004 Hasdrubal,
987 949 1079 1008 usque

163 1011 205 1082 ad
225 1011 357 1072 ultimum
377 1022 512 1072 eventum
536 1021 806 1087 pugnaemoratus,
827 1029 845 1068 e
871 1009 967 1068 media
986 1009 1080 1068 caede

167 1107 234 1151 cum
248 1089 346 1166 paucis
360 1087 470 1164 effugit.
510 1088 613 1148 Castra
628 1088 752 1146 Romani
766 1106 878 1164 cepere,
900 1097 986 1163 atque
1009 1085 1079 1143 diri·

165 1163 264 1244 puere.
305 1167 349 1234 aa
362 1185 467 1243 pugna,
488 1165 511 1222 si
525 1183 582 1242 qua
594 1164 685 1224 dubia
695 1166 726 1223 in
746 1165 888 1241 Hispania
908 1175 1002 1242 erant,
1017 1161 1080 1222 Ro·

166 1245 259 1302 manis
283 1244 431 1311 ad'unxit;
465 1243 699 1320 Hasdrubalique
726 1263 785 1302 non
805 1241 942 1302 modain
963 1241 1079 1301 ltaliam

164 1265 333 1394 traducendi
353 1321 504 1388 exercitiis,
525 1321 576 1378 sed
589 1335 626 1378 ne
647 1320 782 1377 manendi
802 1321 919 1396 quidem
934 1319 1079 1398 satistuto

166 1398 196 1458 in
212 1398 363 1475 Hispania,
384 1417 464 1476 spem
479 1396 601 1474 reliquit.
642 1397 725 1462 Quae
738 1407 891 1473 postquam
911 1398 1001 1456 literis
1017 1398 1081 1457 Sci·

167 1476 284 1554 pionum
310 1477 421 1546 Romae
442 1475 559 1552 vulgata
582 1487 657 1544 sunt,
678 1493 736 1534 non
757 1486 817 1532 tarn
839 1472 967 1542 victoria,
990 1493 1090 1551 quam,
1190 1459 1191 1530 s

166 1553 313 1632 prohibito
327 1554 520 1624 Hasdrubalis
532 1554 562 1611 in
577 1553 689 1612 ltaliam
702 1552 833 1619 transitu,
846 1551 1038 1611 laetabantur.

207 1631 302 1690 XXX.
336 1633 415 1690 Dum
439 1622 523 1690 baed
533 1631 565 1688 in
588 1630 730 1708 Hispania
749 1642 897 1706 geruntur,
919 1629 1029 1690 Petelia
1048 1630 1081 1688 in
1129 1655 1149 1694 ,·

60 1761 65 1772 ,
166 1709 296 1778 Bruttiis,
317 1710 425 1786 aliquot
438 1721 504 1786 post
517 1709 672 1780 mensibus,
693 1725 778 1840 Ἑαω
793 1719 897 1782 coepta
917 1707 1081 1784 oppugnari

166 1798 236 1858 erat,
258 1790 294 1846 ab
321 1786 494 1856 Himilcone,
525 1786 670 1864 praefecto
733 1785 883 1853 annibalis,
911 1798 1081 1862 expugnata

167 1875 219 1922 est.
261 1863 358 1922 Multo
378 1867 572 1940 sanguineae
593 1861 757 1922 vulneribus
777 1881 812 1920 ea
833 1861 939 1922 Poenis
958 1862 1080 1940 victoria

167 1939 266 2000 stetit:
287 1959 341 1998 nec
355 1940 414 2000 ulla
427 1944 519 2018 magis
532 1943 575 2002 vis
588 1943 729 2009 obsessos,
751 1959 837 2016 quam
851 1940 950 2008 fames,
968 1959 1079 2026 expug3

166 2017 255 2084 navit.
275 2018 435 2094 absumptis
448 2020 525 2077 enim
544 2021 659 2096 frugum
681 2018 833 2087 alimentis,
848 2019 999 2096 carnisque
1018 2038 1081 2078 orn·

167 2095 212 2150 nis
240 2093 351 2168 generis
378 2097 615 2173 quadrupedum
648 2097 774 2156 sutrinae
807 2107 952 2174 postremo
985 2096 1081 2166 coriiS,

166 2169 320 2257 herbisque
334 2182 363 2230 et
376 2173 529 2241 radicibus,
551 2180 589 2232 et'
601 2175 757 2234 corticibus
781 2175 896 2243 teneris,
917 2171 1082 2251 strictisque

166 2246 254 2314 rubis,
269 2249 382 2315 vixere;
403 2269 466 2318 nec,
481 2260 636 2326 antequam
650 2251 724 2310 vires
744 2252 784 2328 ad
796 2251 928 2312 standum
947 2250 976 2308 in
989 2252 1082 2312 muris

165 2321 341 2400 ferendaque
368 2342 448 2386 arma
477 2326 605 2393 deerant,
630 2330 789 2404 expugnati
816 2339 893 2388 sunt.
946 2327 1082 2407 Recepta

166 2399 287 2470 Petelia,
309 2401 423 2459 Poenus
436 2402 475 2460 ad
489 2403 675 2468 Consentiam
689 2406 788 2482 copias
804 2407 954 2480 traducit:
983 2425 1098 2484 quam,·

166 2477 261 2535 nri-nus
275 2477 458 2555 pertinaciter
471 2480 628 2550 defensam,
649 2482 724 2540 intra
743 2503 855 2559 paucos
872 2485 936 2548 dies,
954 2482 983 2542 in
997 2483 1081 2544 dedis

167 2554 276 2612 tionem
300 2557 421 2635 accepit.
474 2558 581 2618 lisdem
610 2559 700 2618 ferme
720 2561 824 2621 diebus
844 2575 874 2620 et
903 2561 1083 2622 Bruttiorum

167 2632 310 2690 exercitus
327 2635 500 2706 Crotonem,
536 2635 680 2696 Graecam
702 2639 813 2708 urbem,
835 2637 1027 2709 circumsedit,
1049 2660 1082 2700 u·

166 2703 317 2792 palantum
330 2713 475 2784 quondam
488 2714 573 2771 armis
594 2713 724 2791 uirisque,
745 2725 807 2771 turn
818 2703 878 2790 jam
893 2717 968 2775 adeo
983 2717 1083 2784 multis

166 2797 335 2857 niagntsque
349 2787 480 2844 cladibus
493 2789 636 2857 afflictam,
656 2801 688 2846 ut
708 2791 800 2846 omnis
813 2790 916 2846 aetatis
931 2793 1026 2852 minus
1039 2790 1084 2853 vi·

165 2854 341 2932 gintimillia
354 2861 457 2920 civium
471 2875 662 2936 superessent.
685 2863 782 2938 itaque
796 2866 876 2932 urbe,
891 2883 909 2922 a
922 2864 1083 2940 defensoriss

166 2933 221 2993 bus
231 2935 327 3004 ‚vasta
342 2936 526 3014 ·facile·potiti
540 2950 607 2996 suut
620 2939 737 2998 hostes:
763 2957 816 2998 arx
828 2951 942 3003 tantum
957 2956 1081 3021 retenta,

165 3010 195 3068 in
210 3029 296 3086 quarn
310 3013 385 3074 inter
398 3015 554 3075 tumultum
567 3026 669 3094 captae
683 3017 760 3075 urbis
774 3037 791 3078 e
806 3019 901 3079 media
914 3023 1006 3084 caede
1019 3029 1083 3104 qui.

165 3086 231 3146 dam
246 3089 384 3169 effugere.
425 3093 464 3157 Et
477 3093 638 3156 Locrenses
651 3095 796 3158 descivere
810 3098 848 3156 ad
862 3100 992 3162 Bruttios
1006 3100 1081 3164 Poe·.
1113 3157 1117 3166 .

165 3183 296 3242 nosque„
316 3172 432 3249 proditi
458 3173 641 3254 multitudine
659 3195 686 3252 a
713 3176 899 3255 principibus.
953 3165 1081 3260 Rliegint

165 3251 370 3334 tantummodo
383 3251 507 3328 regionis
526 3256 589 3330 ejus
609 3265 640 3316 et
658 3254 690 3320 in
710 3253 767 3330 fide
788 3275 857 3334 erga
871 3257 1027 3332 Romanos,
1050 3273 1082 3320 et

164 3327 326 3400 antestans,
339 3349 418 3402 suae,
439 3329 476 3388 ad
499 3331 634 3405 ultimum
663 3347 839 3396 manserunt.
892 3337 926 3394 ln
952 3336 1081 3398 Siciliam

165 3413 285 3478 quoque.
294 3409 399 3474 eadem
411 3407 557 3484 inclinatio
570 3413 730 3480 ammarum
750 3413 898 3493 pervenit:
928 3405 959 3478 et'
971 3432 1011 3487 ne
1025 3413 1084 3496 do,
