2534 4010
200 279 238 342 aa
311 257 316 266 “
528 261 762 338 'nnrvrt
853 217 860 224 ¹

199 437 339 515 pediturn,
360 426 461 493 decem
482 434 622 514 equitum,
642 427 769 492 adducta
787 432 817 490 in
836 417 972 492 ltaliamr
1003 421 1106 514 imagis

152 563 155 574 .
199 513 342 572 affluxisse
372 511 521 570 verisimile
545 523 598 579 est,
620 525 649 570 et
669 511 710 570 ita
730 510 844 588 quidam
865 520 998 570 auctores
1018 515 1107 590 sunt.)

200 609 236 650 ex
255 592 318 668 ipso
332 596 429 650 autern
443 590 558 648 audisse
572 589 749 659 Hannibale,
762 600 915 668 postquam
931 589 1108 648 Rhodanum

198 668 349 738 transierit,
372 667 488 744 triginta
517 685 568 726 sex
597 667 686 726 millia
716 661 872 736 bominum,
903 668 1107 744 ingentemque

199 763 351 804 numerum
371 762 509 824 equorum
530 755 559 804 et
580 745 699 804 aliorum
717 748 912 822 jumentorum
927 744 1061 813 amisisse,
1076 746 1106 802 in

199 823 341 894 Taurinis,
356 841 429 902 quae
443 823 535 880 Gallis
548 824 678 904 proxima
697 841 769 900 gens
790 834 861 894 erat,
875 824 912 892 ¹in
931 824 1043 882 ltaliam
1064 821 1117 879 rii·x

198 919 306 978 gresso.
347 900 382 959 ld
402 919 489 980 quum
509 901 585 959 inter
603 919 703 958 omncs
722 909 845 970 constet,
860 921 895 960 eo
916 901 1008 978 magis
1021 899 1108 960 miror

196 979 321 1056 ambigi,
334 981 457 1057 quinam
478 979 569 1056 Alpes
583 977 741 1044 transierim
761 991 791 1036 et
811 979 897 1054 vulgo
910 979 1037 1045 credere,
1053 977 1108 1036 Pe·

198 1057 275 1128 nino,
290 1069 377 1136 atque
389 1058 457 1115 inde
470 1073 574 1114 nomen
588 1055 615 1114 ei
635 1058 706 1133 jugo
722 1055 839 1132 Alpium
862 1055 994 1122 inditum,
1015 1067 1108 1113 trans·

197 1154 337 1212 gressum.
377 1133 493 1194 Coelius
514 1152 566 1212 per
585 1133 736 1192 Cremonis
753 1137 857 1214 jugum
877 1133 946 1191 dicit
960 1133 1108 1190 transisse.

199 1214 246 1290 qui
265 1215 352 1273 ambo
372 1212 461 1270 saltus
482 1220 549 1270 erim
565 1229 622 1268 non
637 1212 666 1269 in
681 1211 832 1280 Taurinos,
847 1211 898 1288 sed
910 1227 962 1288 per
976 1209 1107 1268 Salassos

197 1299 349 1348 montanos
370 1288 407 1347 ad
427 1289 537 1348 Libuos
560 1289 662 1348 Gallos
691 1289 886 1348 deduxissent.
928 1288 992 1348 Nec
1011 1287 1107 1346 verisi-

198 1363 265 1424 mile
285 1378 338 1436 est,
359 1382 394 1423 ea
413 1376 475 1424 tum
496 1368 533 1424 ad
554 1368 683 1426 Galliam
699 1367 826 1446 patuisse
846 1367 969 1435 itinera;
997 1366 1115 1443 utique,

199 1459 273 1520 quae
293 1443 330 1501 ad
352 1443 491 1502 Peninum
511 1443 615 1513 ferunt,
634 1444 903 1522 obseptagentibus
923 1445 1113 1519 semigermar

198 1520 242 1578 uis
263 1521 393 1580 ibissent.
412 1541 517 1600 neque,
548 1523 686 1590 Hercule,
717 1521 862 1580 montibus
889 1520 933 1578 his
963 1521 1106 1595 (siquem

197 1596 271 1657 forte
285 1599 315 1657 id
328 1602 436 1676 movet)
450 1603 487 1659 ab
508 1601 629 1660 transitu
651 1601 814 1661 Poenorum
835 1599 892 1658 ullo
914 1597 1042 1675 Veragri,
1063 1596 1107 1654 in·

199 1675 280 1735 oolae
306 1678 378 1758 jugi·
391 1681 462 1756 ejus,
482 1679 590 1738 nbrunt
620 1699 726 1738 nomen
756 1679 900 1742 indirum;
929 1677 982 1734 sed
1002 1694 1020 1734 a
1040 1674 1105 1744 deo,

198 1763 294 1834 quern,
314 1757 344 1816 in
365 1777 477 1816 summo
498 1768 640 1812 sacratum
661 1753 776 1818 vertice,
805 1751 946 1807 Petrinum
976 1750 1105 1807 montani

174 1899 183 1907 ’
256 1836 377 1964 'eiiii'iil
418 1905 677 1962 Parorroarurra
696 1903 733 1961 ad
756 1901 896 1982 principia
908 1923 1012 1972 rerum,
1028 1904 1105 1963 Tau·

197 1984 273 2052 rinis,
288 1983 435 2059 proximae
454 1979 543 2058 genti,
559 1979 705 2040 adversus·
715 1983 851 2048 insubres
872 1995 982 2042 motum
996 1983 1105 2042 bellum

197 2072 267 2120 erat.
288 2059 340 2118 sed
369 2077 480 2117 armare
508 2061 666 2118 exercitum
698 2061 855 2130 Hannibal,
877 2073 910 2122 nt
929 2063 1002 2140 parti
1023 2062 1106 2120 alren·

197 2136 315 2196 auxilio'
331 2149 418 2205 esset,
447 2138 477 2195 in
507 2139 661 2198 reficiendo
692 2141 816 2198 maxime
845 2141 1015 2198 sentientem
1036 2157 1105 2198 con-

195 2225 288 2273 tracta
308 2220 376 2275 ante
395 2215 480 2285 mala,
501 2235 559 2274 non
580 2228 701 2294 poterat·
717 2218 807 2286 otium
822 2217 928 2284 etenim
944 2235 980 2272 ex
994 2215 1105 2284 labore,

195 2291 279 2368 eopia
299 2312 337 2352 ex
356 2293 460 2370 inopia,
482 2294 577 2352 cultus
597 2312 634 2350 ex
654 2293 750 2376 illuvie
770 2295 904 2369 tabeque,
924 2292 1054 2370 squalida
1074 2307 1105 2351 et

195 2387 284 2448 prope
297 2371 416 2429 efferata
429 2389 549 2446 corpora
562 2370 638 2429 varie
658 2371 823 2429 movebant.
863 2370 907 2428 Ea
922 2371 955 2428 P.
970 2370 1105 2430 Cornelio

196 2447 306 2510 consuli
326 2465 414 2508 causa
433 2447 496 2516 fait,
518 2469 604 2527 quum
626 2449 707 2510 Pisas
728 2449 847 2506 navibus
867 2448 1001 2517 venisset,
1023 2463 1116 2508 exer·
1220 2429 1221 2460 ³

181 2525 255 2585 'oitu
269 2543 287 2586 a
303 2525 413 2588 Manlio
437 2527 584 2606 Atilioque
601 2539 731 2606 accepto,
753 2526 855 2596 tirone,
875 2538 906 2584 et
924 2528 952 2584 in
967 2526 1047 2583 novis
1061 2527 1104 2604 ig*-

194 2607 329 2665 rrominiis
349 2605 470 2686 trepido,
492 2605 530 2664 ad
552 2605 663 2664 Padurn
683 2605 856 2674 festinandi3
875 2616 911 2664 ut
932 2623 998 2664 cum
1020 2607 1104 2664 lroste
1130 2639 1138 2646 -

195 2682 323 2739 nondum
344 2685 453 2743 refecto
474 2703 590 2744 manum
611 2696 784 2745 consereret.
803 2685 864 2752 sed,
881 2703 969 2760 quum
986 2682 1105 2742 Placen-

195 2757 264 2822 tiam
286 2759 387 2814 consul
408 2763 508 2827 venit,
521 2766 581 2834 Jam
603 2783 640 2820 ex
659 2763 769 2820 stativis
789 2774 916 2817 moverat
938 2761 1104 2826 Hannibal:

196 2830 444 2910 Taurinorumque
465 2853 552 2892 unam
572 2839 683 2900 urbem,
705 2844 793 2908 caput
820 2834 914 2908 gentis
940 2838 1010 2909 ejus,
1036 2835 1105 2910 quia

194 2907 319 2966 volentis
344 2909 383 2964 in·
401 2910 555 2972 amicitiam
572 2925 643 2966 ‘non
673 2909 835 2977 veniebant,
858 2908 884 2966 vi
905 2911 1102 2986 expugnarat:

192 2984 391 3064 junxissetque
412 2985 475 3052 sibi,
490 3007 549 3045 non
568 2997 648 3046 metu
662 2986 764 3054 solunr,
779 2987 830 3044 sed
844 2985 931 3045 etiam
945 2992 1103 3060 voluntate,

195 3060 297 3120 Gallos
317 3063 430 3124 accolas
454 3063 549 3134 Padi;
578 3063 608 3124 ni
636 3067 697 3134 eos,
716 3064 987 3144 circumspectantes
1000 3065 1104 3127 =‹leisc-

192 3139 280 3199 tionis
294 3152 417 3220 tempus,
433 3142 529 3203 subito
543 3143 683 3203 adventus
697 3143 822 3203 consulis
836 3145 1032 3222 oppressisset.
1063 3147 1104 3205 Et

194 3217 344 3278 Hannibal
374 3220 462 3279 morit
492 3239 530 3280 ex
560 3222 700 3290 Taurinis,
725 3221 858 3292 incertos,
879 3239 953 3300 quae
973 3242 1038 3302 pars
1059 3227 1103 3284 κέ-

195 3296 415 3434 quenda'esset,
437 3297 549 3360 Gallos·
567 3313 746 3378 praesentem
775 3320 807 3360 se
836 3312 985 3362 secuturos
1014 3313 1102 3362 ratos.

227 3377 230 3382 ’
272 3395 378 3513 dprope
397 3376 426 3435 irr
444 3390 605 3460 conspectu
624 3393 706 3440 erant
722 3380 877 3450 exercitus,
898 3389 1102 3441 convenerant·

216 3393 262 3434 am

196 3469 253 3528 que

194 3527 326 3596 amram
345 3548 468 3618 uterquc
488 3535 612 3618 quadam
642 3537 829 3600 admiratione
860 3536 983 3597 alterim.
1001 3531 1018 3558 '¹‘

294 3467 372 3529 u'ces,
393 3455 477 3516 sicuti
496 3458 571 3518 inter
590 3477 622 3518 se
641 3459 769 3520 nondum
790 3457 858 3518 satis
884 3460 954 3527 noti,
977 3459 1051 3590 mli
1071 3539 1099 3590 m
1182 3531 1184 3540 ,

1053 3549 1070 3592 a

1202 2751 1219 2784 Q
