2386 3930
156 210 214 268 244
507 201 542 260 Τ.
571 199 713 262 LIVII

151 370 298 440 postremo
321 357 360 420 ad
380 354 613 434 octogintafaoti.
653 355 702 422 Et,
718 373 805 432 quarn
823 355 886 431 jam
903 374 968 416 com
988 355 1064 418 osita
1157 371 1180 428 J

154 437 249 496 omnia
270 434 308 498 ad
330 433 517 513 proditionem
531 442 635 501 essent,
650 433 755 510 indicio
778 431 874 490 delato
893 433 932 492 ad
981 433 1063 512 picy-
1179 477 1180 484 κ

153 515 209 574 den
233 533 284 591 per
299 513 429 575 Attalum
454 511 606 587 quendam,
626 511 821 588 indignantem
842 510 896 568 sibi
919 529 981 568 rem
1000 531 1064 574 cre-

141 591 242 650 ditam
256 610 313 650 uon
326 607 397 658 esse,
418 587 514 648 necati
536 607 636 648 omnes
657 607 723 646 cum
736 586 863 646 cruciatu
877 599 951 646 sunt.
992 589 1065 646 Alia

105 711 107 718 Α
153 667 274 728 subinde
297 685 374 743 apes,
398 675 465 742 post
485 683 551 724 uam
578 665 650 726 baec
676 683 748 724 vana
773 675 911 735 evaserat,
937 665 1065 742 excepit.

152 745 312 832 Damippus
331 743 459 822 quidam,
501 743 730 810 acedaemonius,
742 743 846 801 missus
859 743 897 802 ab
914 741 1064 820 Syracusis

151 822 188 882 ad
209 821 374 899 Philippum
386 840 496 898 regem,
509 831 612 898 coptus
634 822 671 881 ab
694 819 831 880 Romanis
851 820 971 880 navibus
990 829 1064 878 erat.

149 899 236 976 hujus
250 897 350 976 utique
371 898 528 958 redimendi
551 909 582 957 et
605 897 752 976 Epicydae
774 914 845 956 'cura
868 907 929 956 eret
942 898 1064 974 ingens;

149 995 205 1036 nec
219 977 322 1035 abmiit
342 976 508 1046 Marcellus,
527 978 587 1054 jam
601 987 661 1034 tum
676 974 858 1044 Aetolorum,
872 978 954 1054 cujus
967 976 1064 1052 gentis

150 1053 221 1115 socii
244 1053 467 1119 Lacedaemonii
491 1065 580 1122 erant,
601 1051 754 1128 amicitiam
778 1051 979 1112 affectantibus
1000 1051 1063 1110 Ro-

151 1132 252 1192 manis
294 1132 350 1204 ‚Ad
377 1131 550 1208 colloquium
576 1129 613 1190 de
638 1130 837 1208 redemptione
863 1133 926 1208 ejus
959 1129 1063 1197 missis,

150 1211 261 1268 medius
275 1209 398 1269 maxime
412 1218 498 1286 atque
512 1206 638 1285 utrisque
652 1221 829 1284 opportunus
852 1207 933 1266 locus
947 1207 982 1266 ad
997 1227 1064 1284 por·

149 1299 211 1349 tum
233 1285 432 1362 Trogiliorum,
452 1295 569 1360 propter
591 1285 700 1351 turrim,
721 1303 806 1362 quam
827 1295 934 1344 vocant
957 1285 1064 1344 Galea-

146 1382 236 1442 gram,
257 1371 303 1419 est
322 1361 406 1418 visus.
430 1377 486 1436 quo
510 1379 598 1433 quum
621 1361 736 1434 saepius
760 1374 966 1432 commearent,
987 1380 1064 1422 unus

149 1458 186 1498 ex
207 1435 355 1504 Romanis,
369 1454 406 1496 ex
419 1434 577 1516 propinquo
591 1453 705 1496 murum
723 1439 944 1514 contemplatus,
958 1458 1064 1498 nume·

126 1515 236 1574 -rando
250 1513 369 1592 lapides,
384 1513 623 1594 aestimandoque
641 1511 702 1592 ipse
714 1531 822 1583 aecum,
837 1514 904 1592 quid
922 1515 951 1571 in
963 1515 1066 1576 fronte

147 1604 281 1672 paterent
308 1592 420 1670 singuli,
446 1591 628 1652 altitudinem
658 1591 741 1660 muri,
766 1604 905 1670 quantum
930 1591 1067 1670 proxime

145 1671 315 1750 ‚conjecturs
336 1679 459 1748 poterat,
480 1689 655 1752 permensus,
676 1669 913 1748 humilioremque
933 1667 1064 1747 aliquan·

149 1763 179 1809 to
201 1749 320 1827 pristini
334 1747 467 1825 opinione
491 1749 542 1805 sui
556 1757 585 1805 et
599 1757 759 1805 ceterorum
773 1747 899 1804 onmium
923 1759 1003 1806 ratus
1015 1765 1064 1808 es·

150 1848 190 1897 se,
205 1841 234 1886 et
248 1827 293 1890 rel
311 1825 504 1886 mediocribus
520 1823 607 1888 scalis
616 1822 820 1900 superabilem,
833 1823 872 1882 ad
886 1823 1063 1884 Marcellum

147 1923 209 1964 rem
223 1903 323 1966 defert.
363 1899 452 1961 Haud
476 1900 636 1978 spernenda
649 1899 718 1960 visa.
741 1901 802 1970 sed,
823 1921 913 1979 quum
935 1903 1005 1962 adiri
1019 1903 1063 1962 lo-

149 2001 210 2050 cus,
225 1979 271 2058 qui
284 1979 323 2044 ob,
337 1977 366 2037 id
379 1979 473 2054 ipsum
490 1977 629 2040 intentius
642 1977 866 2050 custodiebatur,
881 1998 938 2038 non
953 1991 1061 2058 posset,

145 2058 262 2119 occasio
283 2055 490 2132 quaerebatur:
511 2074 597 2134 quam
617 2045 722 2114 obtulit
741 2057 896 2134 transfuga,
910 2059 1061 2129 nuncians,

146 2135 224 2192 diem
246 2133 352 2192 semum
374 2133 487 2194 Dianae
509 2154 561 2211 per
584 2133 709 2210 triduum
732 2135 787 2214 agi,
809 2147 847 2202 et,
861 2135 928 2214 quia
949 2136 1006 2208 alia
1028 2136 1062 2195 in

146 2209 297 2270 obsidione
321 2211 425 2280 desint,
448 2211 514 2271 vino
537 2212 643 2290 largius
665 2212 764 2290 epulas
787 2212 942 2280 celebrare,
967 2225 997 2272 et
1021 2215 1062 2276 ab

148 2287 279 2366 Epicyde
293 2290 424 2379 praebito
438 2287 585 2349 universae
608 2289 712 2365 plebei,
727 2299 755 2346 et
775 2307 826 2364 per
835 2289 961 2350 tribuae
982 2292 1061 2366 prin-

148 2365 260 2444 cipibus
273 2365 373 2425 dwiso.
411 2365 446 2426 td
470 2365 520 2425 ubi
543 2365 656 2442 accepit
679 2365 845 2434 Marcellus,
865 2384 935 2424 cum
957 2369 1063 2446 paucis

149 2445 327 2504 tribunorum
341 2442 461 2504 militum
473 2441 640 2512 solbamus,
653 2442 808 2520 electisque
822 2462 875 2522 per
886 2463 937 2504 eos
946 2445 984 2503 ad
997 2465 1062 2506 rem

149 2531 259 2580 tantam
285 2521 426 2598 agendam
452 2520 671 2598 audendamque
701 2519 811 2580 idoneis
844 2523 1062 2582 centurionibus

149 2600 351 2677 militibusque,
378 2611 408 2658 et
434 2598 518 2658 scalis
543 2597 573 2656 in
605 2598 721 2658 occulto
748 2599 928 2676 comparatis,
954 2601 1061 2660 ceteris

148 2676 263 2752 signum
282 2677 343 2740 dori
363 2678 456 2754 jubet,
470 2688 503 2737 ut
525 2688 637 2736 mature
660 2694 780 2753 corpora
801 2689 944 2748 curarent,
957 2678 1079 2758 quieti-¹
1179 2661 1180 2718 Ϊ

148 2770 204 2826 que
223 2753 344 2810 darent:
373 2766 463 2813 nocte
481 2755 511 2812 in
531 2753 743 2832 expeditionem
759 2754 885 2813 eundum
899 2774 973 2816 esse·
1010 2755 1061 2814 In·

149 2827 195 2893 de,
210 2829 259 2884 ubi
279 2827 308 2884 id
333 2831 469 2905 temporis
482 2832 583 2900 visum,
605 2851 661 2910 quo
676 2831 713 2890 de
727 2829 773 2888 die
786 2830 908 2918 epulatis
926 2834 987 2908 jam
1002 2834 1060 2892 vini

148 2902 233 2962 sarias
260 2903 485 2982 principiumque
512 2907 605 2965 somni
631 2918 716 2974 esset,
743 2905 814 2980 sigor
842 2906 926 2963 unius
952 2907 1060 2970 milites

148 2979 221 3038 forre
241 2975 331 3038 scalas
351 2979 453 3055 jussio
473 2993 502 3040 et
515 2981 553 3038 ad
573 2980 649 3040 mille
662 2980 722 3038 fere
735 2980 836 3039 armati
849 2983 931 3042 tenui
943 2988 1059 3062 agmine

147 3078 199 3138 per
212 3055 352 3116 silentium
374 3075 409 3114 eo
423 3057 550 3118 deducti.
589 3057 649 3118 Ubi
669 3057 730 3116 sine
743 3058 865 3149 strepitu
877 3079 913 3120 ac
931 3065 1059 3125 tumultu

148 3135 230 3214 primi
254 3143 403 3194 evaserunt
429 3135 459 3193 in
486 3155 609 3205 murum,
631 3135 722 3194 secuti
748 3137 847 3196 ordine
869 3138 939 3208 aiii;
967 3151 1058 3220 quum

147 3211 271 3290 priorum
286 3211 405 3274 audacia
419 3213 513 3274 dubiis
525 3215 612 3276 etiem
625 3215 752 3274 animum
764 3213 881 3276 laceret.

188 3289 298 3348 XXIV.
356 3291 426 3354 Jnnr
459 3291 536 3350 mille
561 3303 735 3352 armatorum
768 3304 904 3383 ceperant
935 3305 1057 3371 partem,

147 3383 235 3440 quum
249 3380 363 3429 ceterae
382 3369 524 3437 admotae,
545 3369 731 3448 pluribusque
744 3369 827 3430 scalis
850 3371 879 3429 in
897 3390 1010 3432 murum
1024 3391 1055 3432 e·

147 3441 300 3527 radebant,
324 3446 406 3525 signo
426 3447 463 3508 ab
485 3445 640 3530 Hexapylo
654 3448 742 3518 dato;
769 3467 826 3528 quo
842 3468 896 3529 per
908 3449 1053 3530 ingentem
