2534 4010
408 325 414 332 “
462 339 627 405 riona
656 337 739 404 xxi.
1036 351 1070 410 n

167 491 347 580 lanatamque
360 517 488 580 pugnarn
501 512 530 559 et
543 521 688 562 recessum
707 521 724 560 a
741 499 842 560 castris
863 497 940 568 uidit,
964 507 1074 558 extem·

173 583 221 660 plo
241 581 381 658 equitibus
400 579 505 636 dextra
525 579 661 657 laevaque
685 579 794 637 emissis
815 579 844 634 in
865 577 987 648 hostem,
1013 577 1076 654 ipae

173 679 237 718 cum
249 659 378 735 pediturn
398 657 503 713 robore
522 657 632 713 medius
653 658 752 715 castris
772 655 874 732 erupit.
894 673 991 746 pugna
1011 673 1075 714 raro

173 736 229 796 ulla
242 735 332 812 magis
346 751 439 801 saeva,
461 743 491 789 et
514 749 580 788 curn
600 734 746 810 utriusque
786 733 853 791 artis
873 733 999 811 pernicie
1018 735 1076 792 cla-

170 815 226 872 rior
244 814 355 880 fuisset,
376 810 400 867 si
414 808 529 868 extendi
549 827 614 866 eam
634 809 742 866 diesin
762 753 878 886 iirngum
897 811 1020 889 spatium
1041 813 1078 870 si·

148 887 153 892 ’
170 893 266 949 visset.
308 889 376 945 Nox
396 905 548 945 accensum
572 886 736 962 ingentibus
756 888 855 946 animis
875 889 1015 966 proelium
1035 890 1078 947 di-

169 969 263 1028 remit.
290 967 387 1042 itaque
414 966 503 1022 acrior
529 983 685 1022 concursus
710 963 773 1033 fuit,
794 983 877 1042 quam
898 967 1020 1034 caedes;
1039 977 1078 1039 ct,

171 1047 247 1102 sicut
266 1053 389 1121 aequata
407 1043 496 1100 ferme
515 1061 613 1119 pugna
635 1052 705 1110 erat,
727 1042 768 1098 ita
788 1043 871 1100 clade
889 1046 949 1119 pari
970 1045 1078 1102 disces·

171 1139 236 1180 sum
256 1132 308 1178 est.
332 1121 369 1178 ab
395 1131 496 1178 neutra
518 1132 600 1196 parte
627 1119 770 1178 sexcentis
810 1119 855 1177 lus
875 1121 1027 1196 peditibus,
1048 1134 1078 1181 et

141 1262 145 1271 ,
170 1199 319 1258 dimidium
347 1201 409 1274 ejus
429 1198 557 1274 equitum
584 1195 697 1255 cecidit.
739 1139 810 1254 Sei
818 1200 910 1274 major
930 1197 1078 1266 Romanis,

171 1296 257 1354 quarn
281 1295 331 1362 pro
355 1293 484 1346 numero,
503 1277 615 1350 jactura
634 1274 704 1342 futu
725 1274 791 1351 quia
814 1273 954 1352 equestris
973 1273 1080 1332 ordinis

170 1354 288 1431 aliquot,
309 1365 339 1412 et
359 1352 465 1410 tribuni
485 1351 606 1410 militurn
628 1351 760 1428 quinque,
782 1362 811 1410 et
830 1351 966 1430 praefecti
988 1353 1081 1410 socio·

170 1451 235 1488 rum
268 1441 335 1500 tres,
369 1441 435 1488 sunt
467 1428 619 1487 interfecti
642 1429 826 1487 ·Secundum
859 1447 921 1488 carn
955 1449 1082 1508 pugnam

174 1509 322 1566 Hannibal
346 1507 377 1565 in
404 1508 534 1584 Ligures,
564 1507 748 1584 Sempronius
780 1507 891 1566 Lucam
925 1511 1077 1567 concessit.

171 1586 305 1646 Venienti
325 1585 354 1642 in
375 1585 496 1660 Ligures
521 1585 688 1652 Hannibali,
709 1603 761 1660 per
780 1584 895 1643 insidias
918 1586 1079 1676 intercepti,

171 1666 229 1722 duo
253 1674 419 1740 quaestores
442 1662 575 1728 Romani,
598 1663 632 1720 C.
660 1661 775 1719 Fulvius
801 1674 831 1720 et
857 1663 893 1719 L.
915 1663 1077 1733 Lucretius,

171 1759 239 1801 curn
252 1741 366 1797 duobus
384 1737 505 1795 tribunis
526 1738 657 1806 militum,
679 1749 708 1796 et
729 1739 852 1815 quinque
875 1741 1014 1817 equestris
1033 1761 1079 1799 or·

172 1819 255 1892 dinis,
278 1828 441 1875 senatorum
464 1815 554 1872 ferme
580 1815 684 1885 liberis,
732 1835 770 1873 uo
792 1817 881 1894 magis
902 1829 994 1875 ratam
1019 1817 1080 1876 fore

171 1916 237 1954 curn
251 1895 295 1952 his
309 1906 410 1971 pacem
425 1893 648 1970 societatemque
661 1835 801 1962 crederet,
817 1895 978 1953 traduntur.

209 1973 293 2036 Lx„
315 1973 393 2030 Dum
417 1971 490 2028 haec
513 1972 541 2027 in
569 1971 653 2028 ltalia
678 1981 824 2047 geruntur,
851 1973 905 2031 Cn.
928 1973 1079 2032 Cornelius

173 2051 278 2126 Scipio,
303 2049 331 2104 in
356 2049 526 2126 Hispaniam
548 2065 614 2105 cum
637 2049 727 2106 classe
754 2060 783 2108 et
809 2051 938 2108 exercitu
965 2049 1078 2122 missus,

171 2129 270 2206 quum,
284 2127 322 2182 ab
336 2125 408 2182 ostio
426 2125 560 2182 Rhodani
583 2123 736 2200 profectus,
757 2127 977 2206 Pyrenaeosque
997 2147 1079 2186 mon-

171 2217 216 2266 tes
229 2204 457 2282 circumvectus,
477 2201 619 2278 Emporiis
639 2202 794 2278 appulisset
814 2205 943 2274 classem,
964 2207 1078 2284 exposi-

171 2295 202 2342 to
216 2282 254 2340 ibi
276 2281 412 2348 exercitu,
428 2297 509 2336 orsus
530 2297 547 2337 a
567 2279 730 2350 Lacetanis,
753 2299 867 2339 ornnem
887 2301 966 2340 oram
986 2303 1077 2362 usque

171 2361 209 2420 ad
222 2361 339 2418 lberam
353 2359 469 2426 flumen,
492 2357 592 2434 partim
607 2357 776 2416 renovandis
797 2359 992 2431 societatibus,
1011 2379 1076 2438 par·

171 2439 223 2497 tini
250 2437 329 2494 novis
354 2436 546 2511 instituendis,
569 2435 719 2495 Romanae
741 2436 856 2494 ditionis
876 2437 953 2496 fecit.
1003 2439 1077 2498 Inde

171 2515 322 2574 conciliata
348 2514 517 2572 clementiae
542 2513 627 2582 fama,
658 2531 716 2571 non
742 2514 778 2571 ad
807 2515 962 2573 maritimos
989 2517 1077 2574 modo

169 2593 299 2670 populun,
318 2591 369 2648 sed
390 2591 420 2648 in
442 2590 655 2649 mediterraneis
680 2610 792 2668 qaoque
815 2611 850 2650 ac
871 2589 1020 2649 'montanis
1040 2593 1078 2649 ad

169 2669 322 2728 ferociores
340 2669 399 2742 iam
420 2677 520 2740 gentes
540 2668 645 2725 valuit:
667 2686 722 2726 nec
735 2687 795 2745 pax
811 2669 898 2725 modo
919 2667 996 2744 apud
1017 2687 1076 2737 eos,

170 2745 223 2803 sed
236 2744 359 2801 societas
378 2743 465 2798 eriam
485 2761 636 2812 armorum,
658 2755 758 2819 parata
777 2756 840 2810 est;
861 2744 1027 2822 validaeque
1046 2765 1077 2805 a·

170 2824 263 2900 liquot
294 2818 462 2878 auxiliorum
496 2819 628 2876 cohortes
662 2837 699 2877 ex
731 2821 764 2878 iis
798 2821 975 2900 conscriptae
1001 2837 1076 2883 sunt.

171 2899 323 2958 Hannonis
347 2897 388 2955 cis
409 2897 525 2954 iberum
552 2897 697 2974 provincia
724 2909 804 2957 erat:
832 2919 898 2970 curn
925 2901 1077 2979 reliquerat

171 2975 318 3036 Hannibal
345 2975 382 3033 ad
409 2975 532 3050 regionis
563 2977 625 3052 ejus
651 2977 833 3053 praesidium.
860 2979 956 3056 itaque
989 2983 1077 3059 prius,

171 3073 255 3134 quam
269 3055 459 3112 alienarentur
471 3053 575 3122 omnia,
591 3055 704 3112 obviam
723 3056 848 3113 eundum
869 3067 956 3127 ratus,
978 3059 1078 3118 castris

171 3133 201 3189 in
215 3141 370 3208 conspectu
384 3131 508 3187 hostiurn
523 3131 631 3208 positis,
651 3132 680 3188 in
701 3133 792 3191 aciem
813 3134 920 3194 eduxit.
940 3154 995 3195 nec
1018 3138 1078 3194 Ilo·

172 3225 257 3265 mano
279 3207 466 3266 differendum
487 3219 632 3267 certarnen
655 3209 764 3267 visum:
786 3212 892 3289 quippe
909 3215 958 3290 qui
982 3215 1076 3280 sciret,

173 3301 240 3344 cnm
263 3287 406 3344 Hannone
430 3296 459 3343 et
483 3284 666 3344 Hasdrubale
693 3287 746 3344 sibi
772 3288 967 3348 dimicandum
994 3307 1078 3353 erse3

172 3361 327 3438 malletque
347 3363 481 3420 adversus
504 3363 629 3437 singulos
652 3365 813 3441 separatim,
837 3383 923 3444 quam
943 3369 1078 3425 adversus

171 3443 247 3500 duos
261 3439 353 3506 simul,
371 3457 431 3498 rem
451 3455 558 3516 gerere.
599 3440 662 3500 Nec
682 3444 778 3518 magni
798 3444 961 3503 certaminis
981 3457 1016 3496 ea
1036 3438 1080 3494 ‹li-

172 3517 290 3577 micatio
303 3515 366 3574 fuir.
406 3517 463 3576 Sex
477 3517 565 3574 millia
577 3517 702 3577 hostium
716 3539 809 3588 caasa,
830 3521 889 3575 duo
909 3525 994 3588 capta
1013 3531 1080 3570 oum

172 3595 313 3675 praesidio
325 3605 493 3655 castrorum.
507 3613 573 3654 nam
593 3607 623 3655 et
643 3609 737 3656 castra
757 3599 1015 3670 expugnatarum,
1036 3603 1084 3658 etz
