2406 3932
444 239 609 307 arnna
641 237 754 326 xxrrr.
994 243 1046 306 nn

142 393 302 463 riaessent,
322 407 356 454 ut
376 397 519 474 quondam
539 397 668 464 inissent,
690 399 788 454 tamen
810 395 943 471 expertis,
964 415 1049 472 taram

143 491 230 550 graue
256 475 419 534 Romanum
446 476 597 550 imperium
623 474 717 541 accii-s,
739 483 846 550 quanta
872 474 1048 550 indulgentia

143 551 315 610 Hannibalis
335 553 421 612 etiam
442 552 470 609 in
485 553 614 628 captivos
626 570 726 628 omnes
740 549 832 608 lt'alici
846 551 967 608 nominis
979 552 1049 626 fuis

142 639 194 697 set,
225 629 363 688 Punicam
387 631 547 690 Romanae
579 629 746 686 societatem
779 639 865 706 atque
892 629 1047 689 amicitiam

140 707 365 784 praeoptandam
385 727 457 766 esse.
499 707 529 764 Si
548 707 634 764 ambo
659 705 789 764 consules
813 708 951 766 cuiusuis
966 727 1047 766 exer-

140 783 246 842 citibus
258 783 296 842 ad
311 785 415 842 Nolam
429 797 533 854 essent,
548 797 645 842 tamen
669 802 726 840 nnn
751 785 840 859 magis
859 804 941 861 pares
962 787 1048 846 Han·

75 908 81 918 .
140 861 230 919 nibali
252 861 372 932 futuros,
387 882 471 941 quam
485 863 524 920 ad
545 863 660 922 Cannas
683 860 821 918 fuissent:
841 863 945 923 nedum
966 861 1048 942 prae.

140 948 187 996 tor
200 955 283 1008 unus,
304 959 370 998 oum
393 942 491 1018 paucis
513 952 543 999 et
566 940 646 998 novis
670 938 815 1006 militibus,
838 939 940 998 Nolam
960 944 1047 1007 tutari

139 1017 241 1092 possit.
260 1018 394 1092 ipsorum,
419 1038 504 1096 quarn
529 1017 710 1083 Hannibalis,
737 1016 883 1082 iuteresse,
908 1023 991 1094 captis
1011 1039 1051 1092 an

140 1094 246 1154 tradita
266 1095 342 1154 Nola
362 1097 517 1172 potiretur;
537 1097 693 1173 potiturum
714 1093 800 1159 enirn,
821 1103 853 1150 ut
872 1094 973 1170 Capua
986 1096 1048 1156 Nu-

140 1172 273 1249 ceriaque
287 1173 394 1250 potitus
408 1185 503 1232 esset:
524 1175 584 1243 sed,
599 1173 666 1251 quid
690 1173 764 1230 inter
787 1172 905 1248 Capuae
931 1171 1049 1234 Nuceri-

139 1257 231 1326 aeque'
244 1251 386 1310 fortunam
406 1254 564 1318 interesset,
585 1253 670 1327 ipsos,
691 1269 781 1326 prope
803 1250 833 1306 in
854 1249 949 1308 medio
970 1251 1047 1318 sitos,

141 1325 270 1386 Nolanos
283 1329 364 1388 scire.
405 1331 490 1390 Nolle
510 1330 637 1396 natinari,
661 1347 733 1404 quae
758 1341 860 1404 captae
873 1327 938 1388 urbi
952 1347 1048 1388 cessu-

139 1422 172 1461 ra
183 1403 277 1474 forent
287 1431 296 1474 ;Ι
314 1408 365 1466 sed
378 1410 474 1485 potius
487 1405 637 1484 spondere,
652 1407 675 1463 si
700 1405 871 1465 Marcellum
881 1425 952 1465 cum
967 1425 1048 1482 prae·

136 1481 211 1540 sidio
225 1503 260 1542 ac
285 1485 389 1544 Nolam
412 1487 604 1551 tradidissent,
629 1484 771 1542 nemiuem
794 1484 890 1550 alium,
905 1503 991 1561 quam
1004 1484 1047 1558 ip-

140 1579 195 1627 sos,
217 1562 320 1636 legem,
335 1564 393 1638 quai
411 1564 440 1618 in
453 1563 622 1620 sodetatem
643 1560 854 1636 amicitiamque
875 1562 1048 1622 Hannibalis

92 1691 100 1700 ,
138 1638 277 1704 venirent,
290 1639 444 1696 dicturum.
1041 1659 1043 1664 ·

178 1714 287 1774 XLIV.
327 1719 379 1774 An
393 1736 428 1776 ea
442 1715 607 1776 Herennius
622 1715 728 1774 Bassus
751 1715 915 1790 respondit:
937 1717 1057 1776 Multos-

138 1809 228 1852 anuos
236 1796 295 1870 jam
310 1793 384 1854 inter
398 1796 561 1854 Romanum
578 1793 930 1874 Nolanumquepopulum
949 1795 1049 1854 amici·

138 1870 212 1932 tiam
222 1892 294 1938 esse,
308 1876 390 1948 cujus
404 1886 520 1932 neutros
533 1873 648 1936 adeam
663 1873 739 1930 diem
753 1871 918 1948 poeaiterc3
939 1885 977 1940 et,
992 1873 1047 1934 sibi

139 1947 162 2006 si
176 1967 244 2006 cum
257 1949 370 2008 tortuna
388 1951 526 2014 mutanda
537 1951 606 2008 fides
619 1951 721 2018 fuerat,
742 1969 806 2010 sero
824 1951 883 2025 jam
908 1969 971 2010 osse
984 1971 1048 2012 mu·

139 2037 200 2084 tare
214 2044 286 2084 eam.
300 2025 437 2085 dedituris
451 2047 482 2086 sc
496 2027 653 2084 Hannibali
673 2047 729 2084 non
743 2028 831 2086 fuisse
844 2021 1048 2088 arcessendum

139 2103 304 2162 Romanum
318 2106 508 2180 praesidiumt
529 2123 594 2162 cum
617 2104 660 2170 iis,
682 2104 729 2179 qui
750 2106 787 2162 ad
810 2125 841 2162 se
865 2107 986 2166 tuendos
1000 2100 1048 2166 ve'·

137 2179 255 2250 sissent,
280 2183 376 2240 ornnia
399 2183 452 2242 sibi
477 2194 507 2242 et
527 2201 590 2240 esse
614 2181 786 2248 consociata,
807 2193 837 2238 et
857 2184 894 2240 ad
914 2185 1047 2244 ultimum

137 2258 206 2318 fore.
247 2262 316 2320 Hoc
334 2261 505 2339 colloquium
521 2259 639 2319 abstulit
652 2278 732 2335 spem
747 2259 904 2318 Hannibali
919 2280 969 2336 per
982 2255 1047 2338 proi

138 2335 275 2414 ditionem
289 2339 470 2416 recipiendae
485 2339 587 2396 Nolae.
600 2337 698 2416 itaque
711 2337 847 2414 oppidum
868 2340 974 2397 corona
986 2341 1047 2398 cir-

136 2415 293 2484 cumdedit,
308 2429 339 2475 ut
360 2418 441 2476 simul
463 2419 500 2476 ab
521 2417 598 2477 omni
612 2429 694 2496 parte
708 2417 821 2474 moenia
833 2412 1047 2491 aggrederetur.

138 2493 232 2558 Quem
247 2505 279 2553 ut
292 2497 464 2554 successisse
477 2494 564 2552 muris
579 2493 736 2554 Marcellus
752 2493 831 2559 vidit,
845 2493 985 2550 instructa
1005 2493 1048 2548 iu·

137 2582 182 2628 tra
192 2582 306 2646 portam
321 2573 391 2641 acie,
406 2591 473 2630 cum
485 2591 590 2645 magno
609 2571 734 2628 tumultu
753 2569 855 2645 erupit.
870 2568 978 2642 aliquot
992 2567 1048 2646 pri'-

137 2667 186 2705 rno
209 2649 322 2725 impetu«
341 2649 464 2725 perculsi
487 2649 620 2724 caesique
643 2659 729 2713 sunt;
748 2647 824 2713 dein,
849 2663 990 2708 concursu
1010 2647 1049 2711 ad

136 2727 404 2802 pugnantesfacto,
425 2725 610 2803 aequatisque
630 2725 744 2790 viribus,
766 2737 849 2782 atrox
869 2725 964 2800 coepit
984 2745 1049 2796 esse

135 2822 252 2880 pugna:
273 2805 522 2881 memorabilisque
542 2803 615 2860 inter
634 2820 741 2879 paucas
759 2801 867 2870 fuisset,
882 2802 1046 2880 niingeuti-

136 2883 191 2943 bus
215 2887 347 2960 procellis
371 2883 477 2943 effusus
495 2883 588 2940 imber
611 2880 770 2942 diremisset
791 2891 959 2957 pugnantes.
1000 2882 1046 2943 Eo

138 2959 184 3019 dic
197 2963 348 3024 commisso
363 2963 476 3022 modico
497 2959 662 3027 certamine,
686 2970 773 3035 atque
796 2959 910 3018 irritatis
933 2961 1044 3030 animis,

136 3037 169 3098 in
187 3041 287 3098 urbem
311 3041 442 3107 ll'umani,
456 3039 546 3098 Poeni
567 3039 595 3094 in
617 3049 719 3105 castra,
733 3056 797 3097 sese
810 3050 989 3115 receperunt.
1003 3049 1046 3097 ta·¹

136 3133 202 3172 men
223 3114 394 3186 Poenorum,
423 3117 513 3193 primis
542 3115 691 3190 eruptione
719 3117 851 3190 perculsi,
880 3115 1046 3178 cecideruut
1094 3105 1098 3126 '
1133 3117 1134 3122 ’

136 3191 215 3250 haud
235 3195 298 3270 plus
318 3216 404 3273 quam
425 3194 548 3269 triginta,
580 3193 774 3258 Romanorum
802 3194 906 3252 nullus.
948 3193 1045 3268 imber

137 3271 287 3331 continens
300 3294 350 3349 per
364 3285 478 3332 noctem
491 3282 580 3329 totam
594 3290 685 3347 usque
699 3271 736 3328 ad
749 3271 848 3333 boram
863 3270 975 3331 tertiam
987 3269 1045 3326 diei

136 3349 312 3426 insequentis
327 3352 437 3410 tenuit:
458 3351 563 3425 itaque,
582 3368 744 3426 quanquam
758 3361 878 3422 utraque
892 3363 956 3421 pars
970 3341 1047 3410 avidt

138 3428 301 3490 certaminis
314 3442 405 3496 erant,
420 3447 456 3486 eo
470 3426 516 3484 die
529 3437 760 3494 tenueruntrseae
774 3437 870 3482 maren
885 3425 1046 3483 munimen}-

137 3506 281 3590 tis.·tertio
294 3506 341 3568 die
361 3504 511 3568 Hannibal
531 3517 642 3592 partem
661 3504 807 3586 cupiarum
827 3498 1048 3576 praedatumjs
