2534 4010
468 199 638 286 n'rann
665 221 763 284 xxu.
1028 200 1067 292 ἑὸ

158 383 218 443 cies
237 390 373 460 reperte,
386 379 466 440 velut
489 379 725 452 coeladensium,
749 379 787 440 ad
811 378 949 440 auxilinm
973 387 1067 440 osten·

158 461 219 520 dit:
249 460 351 538 imque,
373 457 537 536 priusquam
559 457 597 516 ad
620 462 785 535 conjectum
810 455 859 514 teli
879 458 997 525 veniret,
1018 470 1068 520 aut

156 555 274 612 manum
298 545 471 604 consereret,
493 545 523 592 et
546 553 612 598 suos
636 553 654 602 n
676 535 745 626 lupa
758 534 858 604 effusa,
879 548 909 594 et
931 536 969 596 ab
983 533 1067 597 nimis

156 615 244 676 sernci
258 633 356 693 pugna
368 612 477 682 hostes,
491 611 641 670 continuit.
689 632 718 672 ur
741 611 841 671 solutis
861 613 1006 672 ordinibus
1021 633 1068 672 va·

121 757 123 762 .
156 713 193 770 ge
206 691 338 770 dissipati
353 700 443 758 erant,
464 687 594 766 ‚undique
617 633 806 766 conlegerunt
827 689 864 748 ad
883 691 1024 769 integram
1038 711 1069 750 a·

158 772 251 832 ciem:
273 769 322 846 qui
336 767 431 844 plures
443 765 528 826 simul
543 777 624 844 terga
638 766 786 836 dederant,
807 769 935 828 conversi
958 770 986 828 in
1002 769 1068 830 hos·
1137 833 1141 839 ,

157 859 228 917 tam,
242 847 446 922 volventesque
467 845 576 913 urbem,
600 863 680 904 nunu
703 845 807 904 sensim
829 845 934 906 referre
953 848 1068 926 pedem,

157 942 238 986 nuno
260 921 424 1000 conglobati
444 935 558 984 restare
579 941 622 982 ac
641 923 700 1000 jam
713 941 810 1000 prope
825 942 883 980 una
895 924 973 982 acies
990 925 1068 986 factu

158 1012 221 1078 erat
243 1001 310 1062 victi
333 1013 420 1078 atque
442 1000 544 1078 integri
565 1001 719 1068 exercitlls,
748 997 965 1076 inferebantque
989 1003 1069 1080 signa

157 1079 188 1138 in
211 1079 341 1145 hustem;
371 1097 458 1156 quum
481 1079 598 1138 Poenus
624 1077 754 1155 receptui
780 1075 894 1144 cecinit,
915 1077 1009 1154 palam
1028 1079 1070 1138 ie-

135 1161 138 1168 “
158 1172 246 1240 rente*
256 1155 431 1226 Hannibale,
447 1157 492 1232 ,ab
516 1175 548 1214 se
568 1155 741 1224 Minucium,
765 1171 827 1214 sea
845 1153 935 1214 Fabio
954 1154 1071 1214 victum.

157 1235 206 1296 ,lta
219 1233 390 1324 perreriam
403 1234 547 1293 fortunam
561 1232 618 1324 diei
631 1236 738 1323 maj0re
751 1243 833 1310 parte
856 1233 1071 1324 epactbuquum

157 1311 532 1468 tua
549 1309 1070 1466 lallamluanalln

160 1475 180 1504 “
193 1486 256 1528 osse
269 1467 369 1536 virum,
393 1468 441 1545 qui
465 1469 526 1558 ipse
548 1466 688 1535 consulat,
711 1465 779 1544 quid
799 1465 831 1524 in
855 1485 916 1524 rem
939 1467 994 1534 sit;
1026 1487 1070 1526 se·

161 1552 181 1587 ‘¹
194 1543 322 1604 cundum
335 1563 413 1614 eum,
438 1565 485 1621 qur
498 1546 575 1604 bene
589 1543 716 1603 monenti
731 1543 868 1608 obediat:
899 1543 947 1621 qui
961 1563 1015 1602 nec
1028 1547 1070 1621 ip-

159 1630 180 1660 “
193 1641 226 1680 ss
239 1621 398 1691 consulare,
414 1639 469 1682 nec
482 1622 562 1683 alteri
576 1638 686 1698 parere,
700 1621 781 1689 sciat,
807 1640 873 1680 eum
896 1623 1015 1682 extremi
1030 1621 1071 1680 in-

161 1699 269 1776 “genii
289 1717 362 1756 esse.
416 1698 509 1758 Nobis
532 1699 666 1776 quoniam
688 1697 780 1774 prima
803 1698 889 1760 animi
911 1699 1071 1778 ingeniique

160 1784 179 1816 ¹⁴
193 1786 297 1854 negata
308 1794 371 1848 snm
385 1787 437 1851 est,
452 1777 609 1838 secundam
631 1794 666 1834 ac
688 1775 813 1836 mediam
837 1790 1004 1837 teneamus:
1033 1789 1070 1842 et,

160 1865 180 1897 “
193 1855 262 1917 dum
285 1854 426 1932 imperare
449 1854 594 1924 discimus,
619 1872 720 1931 parere
740 1851 874 1932 prudenti
895 1855 924 1914 in
945 1853 1072 1914 animum

160 1941 180 1970 ⁸⁴
194 1931 373 1992 inducamus.
415 1929 518 1992 Castra
537 1952 604 1991 cum
628 1931 716 1996 Fabio
735 1933 907 2010 jungamus:
938 1932 975 1992 ad
989 1949 1071 2010 prae·

160 2017 180 2048 ‘⁴
195 2008 299 2082 tarium
311 2011 376 2085 ejus
389 2011 470 2084 signa
488 2029 576 2086 quum
597 2007 754 2078 tulerimus,
777 2009 831 2068 ubi
855 2029 910 2088 ego
934 2030 1000 2068 eum
1015 2029 1071 2068 nn-

160 2095 180 2126 “
196 2101 329 2152 neuram
343 2087 532 2164 appellavero,
548 2084 624 2163 quod
638 2087 777 2144 beneficio
801 2090 862 2164 ejus
882 2108 950 2166 erga
963 2107 1016 2146 nos
1036 2109 1071 2147 ac

160 2175 180 2204 ‘⁶
194 2163 554 2242 majestateejusdignurn
568 2175 631 2232 est;
661 2183 721 2231 vos,
743 2163 929 2236 militenses,
950 2186 1070 2243 quorum

161 2251 180 2285 ⁶‘
193 2261 244 2312 vns
258 2240 345 2300 modo
369 2259 449 2302 arma
473 2242 648 2320 dextraeque
672 2253 815 2310 texerunt,
837 2259 1005 2302 rannouos
1026 2263 1071 2304 sa·

160 2329 180 2361 ‘¹
193 2319 330 2390 lutabitis,
344 2332 384 2388 et,
399 2322 422 2380 si
436 2319 506 2382 nihil
526 2320 614 2391 alind,
638 2331 784 2398 gratorum
808 2332 887 2380 certe
907 2321 990 2380 nobis
1011 2323 1072 2382 ani·

162 2408 181 2436 ⁸⁶
195 2415 306 2457 morum
317 2397 515 2474 glpriamdies
528 2399 601 2458 haec
621 2397 757 2456 dederit.’'
987 2399 990 2404 ’

200 2474 296 2536 ΧΧΧ.
328 2476 429 2534 Srouo
453 2476 531 2546 dato,
556 2476 751 2537 conclamatur
775 2477 851 2545 inde,
876 2485 909 2534 ut
935 2477 1071 2552 colligan-

153 2565 207 2614 tur
229 2571 315 2613 uasat
350 2553 470 2628 profecti
492 2567 522 2612 et
547 2554 661 2630 agmine
683 2553 849 2612 incedentes
873 2553 911 2608 nd
925 2553 1071 2612 dictatoris

159 2644 264 2698 castra,
289 2631 319 2686 in
342 2629 558 2692 admirationem
581 2642 612 2689 et
635 2632 740 2708 ipsum,
764 2643 794 2688 ct
816 2630 980 2708 omnesqui
995 2631 1070 2692 circa

158 2717 252 2774 erant,
268 2718 479 2770 converterunt.
533 2707 575 2766 Ut
597 2708 754 2767 constituta
770 2718 843 2766 ,sunt
857 2719 923 2768 ante
946 2708 1070 2788 tribunnl

158 2787 251 2864 signa,
278 2803 446 2862 progressus
469 2795 537 2844 ante
559 2783 640 2856 alios,
664 2784 799 2864 magister
831 2785 957 2864 equitum
982 2810 1071 2868 quum

152 2874 268 2946 patrem
283 2861 403 2922 Fabium
424 2863 606 2942 appelldsset,
631 2862 874 2942 circumfusosque
896 2867 1016 2928 militum
1042 2890 1071 2928 e·

156 2947 205 3033 jus
218 2953 311 3033 totum
326 2951 584 3032 agmen'potroaos
604 2943 822 3032 communisset,
838 2953 856 2980 “
872 2943 1070 3018 Parentibus,'’

150 3029 294 3155 illita?
307 3021 845 3174 &admittant“elit
866 3025 991 3162 lttlff’
1012 3045 1069 3162 tlt

426 3138 434 3165 ἲ
975 3148 982 3170 2

158 3184 179 3215 ⁸⁶
192 3191 283 3250 quum
296 3192 389 3240 meam
410 3174 540 3241 salutem,
564 3187 626 3237 tum
650 3172 777 3234 omnium
801 3176 912 3236 borum.
967 3181 1070 3254 ltaque

158 3250 402 3328 “plebeiscitum
427 3271 484 3328 quo
508 3263 643 3316 oneratus
666 3253 767 3332 magis,
792 3274 878 3334 quam
902 3256 1067 3320 honoratus,

122 3331 127 3338 '
158 3327 390 3404 “resumpsimus
403 3329 521 3406 antiquo
534 3330 717 3410 abrogoque:
746 3345 785 3402 et,
810 3331 888 3412 quod
911 3333 963 3390 tibi
987 3329 1067 3386 milri-

159 3418 179 3450 “
194 3423 259 3485 que,
274 3405 352 3483 quod
369 3405 599 3485 exercitibusque
620 3408 664 3468 his
687 3411 753 3478 tuis,
774 3420 888 3468 servato
901 3424 936 3462 ac
954 3423 1069 3464 conser-

159 3495 179 3526 “
193 3485 293 3558 samri,
321 3484 357 3543 eit
379 3483 456 3558 felix,
481 3486 538 3546 sub
565 3487 718 3621 implerium
744 3483 960 3560 auspiciumque
987 3491 1067 3549 tuum
