2534 4010
426 425 650 528 LIBER
685 423 872 525 XXII.

578 855 719 897 mrem

238 1014 279 1083 II,
295 1013 349 1072 III.
385 1013 637 1081 HANNIBAL,
651 1033 707 1094 per
720 1014 868 1074 continuas
882 1012 998 1102 m'giliae
1010 1015 1041 1071 in
1049 1035 1105 1094 pa·

200 1093 313 1152 laelilue
325 1090 405 1152 acula
418 1091 528 1158 amuco,
543 1091 620 1149 uenit
632 1091 662 1148 in
683 1091 834 1151 Etruriam
846 1113 857 1147 .·
874 1109 929 1170 per
941 1111 1012 1169 quae
1019 1091 1107 1170 palu·

200 1159 248 1230 dei
281 1170 413 1228 uatriduc
423 1178 450 1225 et
463 1167 554 1226 tribue
567 1169 695 1233 noctibus
707 1170 769 1229 eine
781 1168 841 1227 ulla
855 1166 949 1246 requie
962 1168 1017 1226 iter
1017 1169 1106 1246 fecit.

199 1193 323 1315 111,qIV.
337 1245 388 1320 isc.
412 1244 444 1305 G.
459 1244 619 1304 Flaminius
632 1247 736 1315 consul,
750 1246 832 1305 lamo
851 1247 1027 1315 temerarius,
1042 1267 1106 1305 can·

199 1323 1106 1460 ἷῖἶέἔφέἕξῖὦᾳέἶίῗῧέἔὼΖῗιέξὶῗῖἒέἔζῗαῗῦ9Ϋέἰῖἷῖ
1218 1343 1219 1376 ⁷

200 1421 353 1547 cauteriis,
367 1441 481 1538 insiliis
494 1478 530 1538 al
581 1424 713 1540 annibale
726 1423 993 1546 circumuentusieili
1006 1424 1106 1538 Trisi-

200 1576 309 1616 menum
323 1554 415 1614 lacum
429 1577 489 1615 cum
509 1557 633 1616 exercitu
656 1578 751 1617 caecus
772 1565 819 1616 est.
860 1553 914 1612 VI.
937 1557 992 1613 See
1004 1555 1105 1624 millia,

218 1643 272 1692 uae
284 1645 445 1714 eruperant,
456 1636 516 1710 fide
528 1636 564 1694 ab
579 1635 753 1696 Maharbale
761 1635 839 1702 darc,
848 1633 972 1713 perfidil
988 1635 1106 1693 Hanni·

199 1655 271 1771 lulis
284 1713 377 1772 vinata
391 1724 465 1772 runt.
505 1714 573 1770 VII.
597 1715 689 1780 Quum
699 1714 740 1768 ad
750 1712 883 1768 nuncium
898 1709 986 1767 cladis
997 1712 1107 1770 Romae

198 1789 291 1850 luctus
303 1801 382 1858 esset,
396 1791 470 1848 duae
482 1791 593 1854 matres,
604 1808 639 1844 ea
651 1789 794 1864 insperata
807 1785 924 1862 receptis
931 1785 1019 1919 siliis,
1053 1807 1105 1847 au·

199 1870 248 1929 dia
261 1877 388 1926 mortuae
397 1873 471 1922 suut.
498 1863 534 1918 X.
558 1861 600 1920 Ob
608 1862 682 1919 lanc
695 1861 801 1919 cladem
810 1881 845 1920 ee
861 1861 911 1920 Sil
942 1861 1010 1920 linis
1034 1864 1105 1923 ibris

199 1949 484 2004 uersacrumvutum.
525 1939 595 1998 XII.
619 1939 711 2008 Quum
725 1940 827 2001 deinde
843 1941 877 2009 Q.
914 1940 1105 2001 abiucMaci·
1219 1955 1220 1958 ’

199 2041 261 2080 mue
273 2020 403 2085 dictatur,
415 2017 550 2077 aduersus
560 2018 754 2078 Hannibalem
761 2021 872 2088 missus,
881 2018 966 2078 nollet
974 2020 1035 2078 acie
1042 2040 1104 2078 eum

198 2121 231 2159 aa
244 2095 405 2174 confligere,
419 2117 463 2166 ne,
478 2107 577 2157 cantra
584 2101 716 2177 feracem
729 2107 771 2158 tat
784 2098 910 2158 uictoriis
923 2097 1037 2166 lacteum
1048 2109 1104 2156 ter·

199 2176 284 2233 ritum
298 2175 424 2233 adversis
433 2176 553 2256 praeliis
563 2175 677 2235 miliem
686 2196 804 2256 pugnae
816 2175 1005 2244 committeret,
1020 2184 1047 2232 et
1055 2195 1104 2253 op-

217 2253 327 2312 anenala
340 2273 370 2311 ce
385 2255 577 2312 tautummodo
597 2263 714 2312 conatus
735 2250 913 2312 Hannibalis
933 2251 1079 2330 impediret
1087 2277 1101 2320 ;

193 2275 281 2399 XIV,
295 2329 406 2386 XXVI.
427 2331 476 2389 M.
496 2332 655 2399 Minucius,
676 2330 811 2409 magister
830 2327 962 2407 equitum,
971 2330 1064 2406 serae
1077 2340 1104 2388 et

198 2407 374 2474 annarias,
390 2408 567 2468 criminando
580 2409 744 2467 dictatorem
754 2416 890 2486 tanquam
903 2426 1014 2487 segnem
1027 2416 1054 2465 et
1067 2409 1104 2466 ti·

198 2486 313 2577 midum,
327 2485 424 2565 effecit
436 2496 467 2544 ut
471 2486 578 2622 papuli
580 2491 668 2566 jussu
678 2495 849 2575 aequaretur
861 2485 888 2543 ei
898 2505 958 2542 cum
967 2485 1105 2544 dictatore

198 2563 467 2720 {milii
476 2565 918 2734 i.ltt⁰tt.‘.tt2tt,tltl.
928 2561 1103 2721 {iiiiii

198 2719 310 2774 XXIX.
323 2723 534 2796 superueniente
544 2741 604 2781 cum
613 2723 736 2781 exercitu
751 2721 842 2780 Fabia
851 2721 992 2786 Maxima,
1004 2720 1103 2778 dicari·

197 2794 273 2852 mine
286 2793 422 2854 liberatur
435 2808 484 2854 est.
527 2799 591 2864 Qua
611 2800 741 2873 benqficia
762 2799 860 2864 victur,
881 2805 975 2852 castra
994 2814 1102 2853 cumea

189 2871 301 2952 junxit.
320 2879 348 2928 et
360 2882 471 2945 patrem
484 2892 546 2929 eum
560 2871 695 2929 salutavit
702 2896 715 2938 ,·
748 2873 875 2948 idemque
881 2873 988 2946 fiacere
999 2869 1103 2929 milites

134 2966 140 2976 ·
187 2948 288 3029 justit.
308 2947 390 3004 XVI.
407 2947 567 3016 Hannibal,
582 2948 694 3006 uastati
718 2945 885 3026 Campanii,
906 2945 981 3004 inter
998 2946 1102 3006 Casili·

198 3046 265 3086 num
278 3025 410 3104 oppidum
423 3035 449 3084 et
467 3023 633 3084 Calliculam
644 3034 762 3084 mantem
776 3046 794 3082 a
809 3023 899 3083 Fabio
909 3022 1029 3092 alantur,
1040 3045 1102 3084 sar·
1220 3061 1221 3066 κ

197 3103 297 3162 mentis
310 3104 350 3162 ad
361 3123 469 3162 cornua
482 3103 710 3184 laumalligatis
730 3112 758 3162 et
777 3103 906 3171 iacencir,
922 3104 1101 3182 praesidium

199 3181 402 3250 Romanarum,
417 3183 494 3262 quad
509 3181 676 3242 Calliculam
696 3181 845 3251 incidebat,
854 3183 999 3261 fugauit:
1020 3192 1049 3242 et
1061 3185 1101 3242 ric

197 3271 390 3352 transgressus
402 3269 444 3319 eet
456 3260 568 3320 callum.
586 3259 700 3318 XXIII.
714 3261 841 3340 iulemque
857 3259 892 3327 Q.
906 3259 993 3318 Fabii
1001 3261 1102 3321 Maci-

199 3337 238 3398 mi
250 3339 405 3408 dictatorie,
420 3359 505 3418 quum
518 3336 714 3419 circumposita
728 3347 829 3409 ureret,
844 3358 915 3418 agro
923 3339 1058 3419 pepercit,
1069 3347 1100 3394 ut

198 3413 279 3474 tuam
299 3425 350 3476 tan
370 3437 435 3478 uam
451 3416 626 3498 proditorem
648 3427 803 3498 suspectum
816 3419 943 3497 faceret.
976 3413 1099 3472 XLVII.

200 3489 324 3556 Aemilia
379 3496 438 3558 'nde
452 3493 560 3558 Paullo
573 3506 600 3558 et
613 3496 745 3557 Terentia
763 3497 890 3556 Varrone
903 3491 1059 3556 canalibus
1071 3501 1099 3552 et
