2534 4010
212 241 253 298 m
349 237 351 241 '
567 229 602 290 Τ.
628 225 770 288 L1v1t

213 402 232 432 ‘⁶
246 391 315 451 adiri
339 405 422 468 pesse
449 388 565 446 Poenus
591 385 733 463 desperet.
761 381 880 461 proinde
907 391 965 446 eut·
985 384 1122 466 cederent

212 469 339 528 “animo
359 478 446 544 atque
465 466 570 523 virtute
590 465 670 541 genti
693 480 745 540 per
767 477 817 520 eos
839 459 900 518 dles
918 463 1007 520 toties
1030 467 1069 524 ab
1085 480 1122 522 se

211 556 230 585 a
244 545 344 616 victae,
366 557 417 603 aut
429 543 536 603 itineris
548 543 635 601 finem
656 551 771 618 sperent
790 555 924 615 eampum
949 539 1122 618 interjacen-

211 632 302 682 “tem
318 623 415 681 Tiberi
428 642 464 681 ac
477 615 628 690 moenibus
643 616 806 676 Romanis.”
1114 629 1118 654 ²

248 701 360 758 XXXl.
391 701 453 759 His
480 697 729 758 adhortationibus
754 694 896 763 incitatos,
925 704 1047 773 corpora
1070 714 1122 753 cu-

208 797 271 836 rare
288 790 375 858 atque
395 779 431 836 ad
452 778 507 837 iter
526 797 557 836 sc
578 795 678 854 parare
698 775 790 851 jubet.
831 771 952 831 Postero
973 773 1030 842 die,
1054 788 1122 849 pro·

207 855 301 916 fectus
322 857 441 916 adversi
460 856 522 933 ripb
544 853 686 921 Rhodani,
708 850 918 909 mediterranea
937 850 1052 910 Galliae
1070 869 1123 930 pe·

208 934 260 1001 tit3
281 954 340 993 non
354 935 420 1014 quia
433 934 537 993 rectior
556 932 593 990 ad
614 931 705 1008 Alpes
725 928 771 986 via
790 943 876 997 esset,
897 929 959 998 sed,
981 939 1121 1006 quantum

207 1014 313 1070 amari
336 1013 507 1081 recessisset,
530 1010 624 1067 minus
646 1006 763 1066 obvium
786 1007 847 1063 lore
869 1005 1035 1064 Romanum
1061 1025 1123 1065 cre·

207 1089 298 1148 dens:
329 1112 395 1151 cum
424 1095 490 1166 quo,
514 1087 679 1165 priusquam
701 1084 731 1143 in
756 1083 869 1142 Italiam
892 1095 1012 1140 ventum
1036 1083 1122 1151 foret,

205 1184 264 1224 non
279 1180 341 1226 erat
355 1171 383 1224 in
398 1169 492 1224 animo
506 1183 608 1224 manus
622 1181 781 1224 conserere.
821 1160 938 1226 Quartis
959 1160 1061 1218 castris
1081 1161 1121 1236 ajd

207 1245 337 1301 Insulam
352 1245 499 1321 pervenit:
519 1243 559 1300 ibi
578 1244 654 1300 Arar
676 1242 891 1316 Rhodanusque
904 1255 1013 1308 amnes,
1029 1237 1125 1297 diver·

207 1320 245 1376 sis
270 1340 308 1378 ex
332 1320 671 1398 Alpibus‘decurrentes,
695 1319 756 1394 agri
777 1316 956 1392 aliquantum
979 1315 1116 1394 amplexi,

206 1397 358 1456 confluunt
371 1399 400 1456 in
414 1417 512 1456 unum.
552 1397 660 1455 Mediis
680 1394 789 1472 campis
809 1393 925 1452 Insulae
947 1413 1056 1454 nomen
1077 1394 1121 1452 iu-

207 1473 310 1532 ditum.
324 1476 453 1536 incolunt
467 1495 556 1554 prope
570 1474 756 1549 Allobroges,
776 1487 847 1546 gens
865 1473 927 1548 jam
948 1471 1018 1528 inde
1041 1472 1122 1529 nulld

208 1549 322 1612 Gallica
346 1565 432 1631 gente
456 1555 559 1631 opibus
580 1563 630 1610 aut
655 1550 734 1610 famei
758 1548 893 1608 inferiora
924 1557 987 1606 tum
1009 1546 1122 1608 discors

207 1641 279 1687 erat.
320 1631 415 1710 Regni
442 1630 599 1690 certamine
624 1629 812 1706 ambigebant
834 1627 945 1686 fratres.
966 1627 1066 1704 major,
1091 1634 1121 1684 et

207 1707 256 1783 qui
270 1709 348 1786 prius
367 1711 551 1788 imperitisrat,
567 1709 697 1762 Braneus
717 1703 841 1768 nomine,
868 1705 978 1760 minore
1002 1706 1039 1762 ab
1064 1704 1121 1760 fra-

207 1796 252 1843 tre
265 1797 296 1844 et
309 1799 395 1844 coetu
405 1785 559 1860 juniorum,
572 1779 622 1908 qui
642 1782 707 1852 jure
721 1777 823 1842 minus,
845 1776 872 1832 vi
886 1777 960 1852 plus,
976 1789 1121 1854 poterunt,

206 1861 376 1936 pellebatur.
417 1857 513 1930 Hujus
540 1867 571 1908 se
593 1851 687 1908 itionis
713 1864 928 1930 peropportuna
947 1853 1123 1932 disceptatio

206 1951 295 2010 quum
308 1933 345 1990 ad
360 1929 555 2002 Hannibalern
568 1932 677 2008 rejecta
691 1943 777 2001 esset,
802 1931 909 1990 arbiter
921 1933 1001 2010 regni
1015 1933 1120 2004 iactus,

191 2009 286 2088 'quod
309 2027 344 2067 ea
367 2010 484 2067 senariis
505 2007 723 2090 principumque
747 2010 891 2073 sententia
909 2010 1013 2083 fuerat,
1032 2012 1123 2090 impe}
1215 2085 1216 2090 ἵ

206 2089 281 2143 rium
295 2087 395 2164 majori
415 2086 548 2146 restituit.
569 2090 607 2148 ob
631 2089 817 2148 idmeritum
838 2103 1003 2150 commeatu
1024 2091 1121 2168 copiiss
1215 2107 1216 2118 ¹

208 2181 264 2239 que
284 2182 379 2223 rerum
399 2166 535 2236 omnium,
557 2167 682 2225 maxime
701 2168 797 2235 vestie,
817 2179 863 2225 est
886 2169 1011 2244 adJutus,
1035 2185 1121 2244 quam

206 2240 328 2300 infames
341 2244 493 2320 frigoribus
513 2245 606 2322 Alpes
626 2245 788 2322 praeparari
812 2246 965 2322 cogebant.
1007 2243 1121 2302 Sedatis’

207 2319 413 2379 certaminibus
441 2322 642 2400 Allobrogum,
671 2340 758 2400 quum
789 2323 849 2398 jam
879 2321 971 2399 Alpes
997 2330 1120 2400 peteret,

208 2416 267 2454 non
288 2400 369 2464 rectit
385 2400 503 2490 regione
522 2401 577 2460 iter
596 2399 727 2468 instituit,
749 2399 800 2456 sed
820 2399 858 2456 ad
878 2399 989 2458 laevam
1007 2402 1037 2456 in
1058 2399 1121 2456 Tri·

209 2476 335 2536 castinus
354 2476 453 2545 flexrt;
472 2477 544 2536 inde*
559 2498 612 2556 per
631 2490 788 2538 extremam
810 2495 890 2536 oram
914 2477 1122 2537 Vocontiorum

210 2555 270 2630 agri
291 2555 414 2615 tetendit
436 2556 464 2613 in
489 2555 641 2627 Tricorios,
665 2555 744 2613 haud
767 2574 888 2634 usquam
909 2554 1049 2691 impeditis
1066 2555 1122 2626 riis,
1212 2621 1213 2626 ἵ

208 2631 374 2706 priusquam
392 2634 429 2691 ad
450 2635 624 2694 Druentiam
647 2633 754 2693 flumen
778 2635 916 2713 pervenit.
972 2653 994 2704 s,
1012 2643 1041 2692 et
1062 2632 1123 2724 ipse'

209 2703 335 2780 Alpinus
356 2713 457 2780 amnis,
480 2713 566 2788 longe
590 2713 717 2772 omniurn
742 2712 855 2770 Galliae
878 2713 1028 2769 fluminum
1052 2709 1124 2767 diffi-

209 2779 332 2838 cillimus
355 2787 477 2842 transitu
496 2803 549 2843 est.
569 2807 645 2851 nam,
669 2805 757 2860 quum
778 2803 871 2861 aquae
890 2788 948 2842 vim
972 2787 1059 2842 vehat
1079 2787 1123 2845 in-

210 2867 337 2932 gentem,
364 2877 422 2914 non
446 2871 543 2917 tamen
569 2861 684 2918 navium
710 2860 823 2935 patiens
847 2874 912 2919 eata
938 2861 1013 2941 quia,
1036 2861 1123 2920 nullis

209 2933 351 2992 coe'rcitus
371 2935 448 3012 ripis,
469 2937 597 3014 pluribus
620 2935 703 2994 simul
724 2955 819 3016 neque
837 2938 939 2998 iisdem
960 2938 1048 2998 alveis
1068 2939 1124 2998 flu-

208 3027 269 3078 ens,
292 3029 366 3069 nova
388 3031 501 3092 semper
523 3015 597 3074 vada
619 3032 765 3094 novosque
788 3017 916 3096 gurgites
939 3016 1057 3088 faciens,
1080 3021 1122 3096 (et

207 3088 244 3146 ob
260 3089 361 3147 eadem
376 3092 466 3169 pediti
479 3109 594 3176 quoqne
607 3095 716 3153 incerta
734 3094 791 3153 via*
803 3099 858 3174 est)
878 3097 917 3156 ad
936 3096 1023 3166 baec,
1049 3115 1120 3155 saxa

206 3165 338 3244 glareosa
364 3170 489 3244 volvens,
516 3175 587 3233 nlhil
615 3171 718 3232 stabile
744 3193 800 3235 nec
824 3187 921 3235 tutum
948 3175 1120 3254 ingredienti
1208 3197 1209 3200 ¹

208 3245 347 3322 praebet;
367 3261 406 3322 et,
421 3264 483 3311 tum
496 3251 570 3314 forte
584 3251 723 3312 imbribus
737 3266 848 3326 auctus,
869 3255 1016 3334 ingentem
1030 3269 1121 3314 trans·
1208 3289 1209 3309 r

206 3323 404 3400 gradientibus
427 3331 584 3392 tumultum
607 3330 685 3402 lecit,
707 3352 804 3412 quum,
830 3353 916 3414 super
940 3345 1044 3402 cetera,
1063 3324 1120 3389 tre-¹

209 3403 353 3496 pidatione
367 3410 420 3490 ipsi
435 3412 487 3470 suis
500 3423 587 3492 atque
600 3411 715 3472 incertis
728 3412 902 3480 clamoribus
915 3413 1120 3473 turbarentur.'
1207 3415 1208 3482 l

246 3479 373 3549 xixti.
414 3489 448 3551 1³:
475 3491 662 3572 Conunurus
687 3492 788 3553 consul
821 3493 916 3554 triduo
944 3491 1009 3550 tere
1045 3490 1121 3566 pest,

1202 3825 1205 3888 l
