2406 3932
304 229 306 234 ’
386 332 389 336 ,
437 233 603 300 utana
634 235 732 298 xxrr.
1003 203 1044 306 es

141 388 268 452 'Romam
289 395 446 462 miserunt:
478 395 633 456 Geminum
659 395 807 456 Servilium
834 394 863 452 in
890 392 1047 454 minoribns

144 473 243 530 cantis·
255 473 358 549 legioni
374 473 530 541 Romanae,
544 486 574 532 et
582 475 698 534 socium
712 473 842 550 pediturn
861 471 1045 550 equitumque

144 549 254 608 duabus
267 551 402 618 millibus,
416 549 593 626 praeficiunt.
617 591 620 598 ,
634 550 790 620 Hannibal,
805 567 966 628 quanquam
980 567 1045 627 pao—

143 627 308 686 redimiuit
327 637 428 696 auctas
451 625 576 684 hostium
600 625 861 704 copias‘cemebat,
876 642 974 686 tamen
994 627 1044 686 ad·

141 717 228 762 ventu
251 705 401 762 consulum
424 703 494 760 mire
507 703 641 779 gaudere.
655 723 712 762 non
727 705 818 772 selum
832 707 907 764 enirn
922 704 993 764 nihil
1006 720 1044 764 ex

141 782 230 857 raptis
252 781 282 838 in
306 781 382 844 diem
406 780 614 840 commeatibus
640 782 800 857 superabat,
821 785 871 842 sed
898 803 944 853 ne,
967 783 1044 841 uude

100 884 103 890 ·
141 868 265 933 raperet,
285 856 401 934 quidem
427 859 591 936 qucquam·
604 857 703 934 reliqui
730 869 799 929 erat,
820 861 897 918 omni
916 861 1043 938 undique

140 935 293 1004 frumento,
314 945 552 1012 postquam‘ager
570 953 672 1014 parum
698 947 778 994 tutus
804 948 874 1006 erat,
901 939 931 995 in
958 939 1043 996 urbm

142 1012 488 1081 munitasconvecto;-ut
501 1013 548 1070 vix
561 1014 662 1072 decern
677 1013 786 1071 dierum
808 1015 895 1103 (quod
916 1012 1043 1092 pomper-
1143 1057 1147 1065 .

131 1097 208 1146 'turn'
219 1100 319 1167 postea
333 1092 389 1167 est)
408 1089 582 1148 frumentum
600 1103 772 1171 superesset,
794 1091 1046 1168 Hispanorumqoe

142 1169 180 1225 ob
197 1167 322 1245 inopiam
341 1168 472 1226 transitio
490 1181 589 1246 parata
607 1167 702 1240 suerin
724 1169 747 1228 ai
767 1169 916 1227 maturitas
936 1178 1046 1246 tempa-

142 1263 204 1301 rum
219 1257 386 1323 expectata
398 1245 481 1304 foret.
569 1283 571 1290 =
606 1289 609 1295 ,
657 1247 659 1252 ’
718 1249 721 1256 “
1029 1270 1032 1278 ·

131 1323 137 1328 ‘
162 1331 165 1340 ’
182 1321 263 1382 XLI.
303 1323 461 1382 Caranon
482 1325 635 1384 temeritati
658 1325 782 1386 consulis
802 1343 838 1384 ae
856 1343 1045 1404 praepropero

142 1399 258 1475 ingenio
281 1401 426 1459 materiam
449 1401 536 1461 etiam
553 1403 666 1462 fortuna
687 1403 786 1463 dedit:
806 1404 883 1482 quod
903 1403 931 1460 in
952 1403 1045 1481 prohi-

142 1476 245 1535 bendis
270 1479 485 1554 praedatoribus
508 1481 693 1539 tumultuario
713 1480 830 1558 proelio,
852 1499 1043 1558 an·pronursu

138 1555 233 1633 magis
253 1556 384 1623 militurn,
405 1573 490 1631 quarn
511 1569 548 1614 etr
567 1569 735 1634 praeparato
756 1568 806 1616 aut
823 1561 905 1635 jussu
924 1559 1045 1636 impara-

141 1644 247 1699 torum,
268 1632 581 1714 orto‚‹ha'udquaquam
598 1653 662 1711 ‚par
689 1635 794 1694 Poenis
820 1636 964 1696 dimicatio
983 1636 1047 1696 luit.

142 1709 180 1768 ad
193 1708 277 1766 «mille
297 1720 326 1768 et
346 1709 518 1786 septingenti
539 1711 625 1779 caesi,
645 1729 704 1769 non
723 1714 788 1790 plue
808 1724 925 1772 uentum
938 1714 1045 1772 Roma-
1120 1711 1122 1720 ‘

141 1805 244 1846 norum
264 1787 462 1864 sociorumque
489 1789 600 1846 occisis.
623 1800 751 1848 ceterum
771 1791 935 1859 victoribus,
947 1789 1046 1850 :effuse

141 1865 336 1942 sequentibus,
356 1881 435 1924 metu
462 1865 626 1925 insidiarum
653 1867 764 1926 obstitit
785 1868 910 1926 ‘Paullus
923 1869 1046 1940 *consult

126 1947 225 2020 eujus
245 1961 280 1998 eo
299 1941 445 2018 dietnam
471 1944 587 2002 alternis
613 1944 826 2024 imperitabant)
845 1946 997 2024 imperium
1017 1967 1047 2006 e-

125 2033 196 2089 mat,
220 2019 347 2075 Varrone
374 2019 548 2096 indignante,
569 2039 604 2100 ac
623 2021 812 2093 vociferante„
825 2024 1047 2083 emissumthos·

142 2110 202 2156 tem
222 2115 239 2154 e
259 2095 405 2164 manibus3
426 2091 627 2177 debellarique,
648 2099 676 2154 ni
697 2111 838 2158 cessatum
857 2101 940 2172 soret,
961 2115 1046 2178 potu·

140 2177 207 2234 isse.
238 2173 405 2250 Hannibal
417 2174 446 2232 id
467 2175 603 2232 damnum
622 2174 700 2233 haud
719 2177 875 2252 aegerrime
894 2181 962 2255 pati,
978 2180 1046 2257 quia

141 2253 237 2332 potius
257 2251 384 2320 credere,
404 2252 490 2311 velut·
509 2253 678 2312 inmanem,
692 2254 889 2322 temeritatem·
900 2259 1045 2317 ferocioris

126 2331 266 2391 'consulis
286 2345 321 2388 ac
341 2348 478 2388 novorum
498 2330 622 2398 maxime
640 2328 762 2388 militum
783 2350 854 2392 esse.
868 2343 897 2390 et
911 2335 1007 2392 omnia
1019 2335 1047 2394 ei

140 2406 380 2478 hostium,'haud.
394 2427 478 2482 senus
498 2414 589 2487 qunm'
606 2427 668 2478 sua,
688 2420 757 2468 nota
776 2422 874 2470 erant:
895 2411 1046 2471 dissimiles

141 2485 344 2562 discordesque
356 2485 527 2564 imperitare,
548 2487 620 2547 duae
634 2485 723 2564 prope
736 2498 833 2564 partes
849 2488 973 2546 tironum
994 2490 1047 2545 mi·

140 2563 224 2622 litum
241 2565 272 2620 in
292 2565 419 2622 exercitu
438 2579 522 2623 esses·
550 2561 660 2640 Itaque,
681 2564 830 2622 locumsot
846 2574 905 2620 tem
947 2563 1047 2640 sinti»

142 2641 196 2699 diis
210 2650 311 2716 aptum
324 2657 356 2697 se
367 2634 475 2700 habere
486 2639 575 2709 ratus,
589 2639 681 2699 nocte
696 2640 826 2717 proirimd
844 2639 903 2696 nih'
934 2638 1047 2719 praeter

130 2735 223 2776 arma
236 2717 359 2775 serentes
374 2725 472 2775 senum
485 2718 589 2798 milites
603 2718 720 2784 ducens,
738 2717 832 2775 casua
850 2715 937 2798 plena
954 2720 1046 2783 ononis

96 2857 99 2864 Δ
141 2795 274 2854 fortunae
288 2791 421 2870 publicae
434 2795 615 2874 privataeque
628 2793 932 2873 relinquentemque
951 2800 1047 2876 proni·

142 2888 204 2931 mos
225 2880 337 2930 montes
357 2872 438 2943 laeva
457 2867 568 2949 pedites
586 2873 749 2932 instructos·
764 2873 997 2943 nundiudextrd‘
1015 2895 1046 2938 e·
1125 2889 1126 2892 ’

143 2951 245 3028 quites,
271 2948 476 3026 impedimenta
504 2949 565 3027 per¹
584 2949 751 3020 oonrall'em,
779 2951 905 3010 medium
931 2954 1046 3034 agmen,

142 3027 285 3096 traducit;
304 3037 337 3086 ut
350 3027 620 3110 diripiendisq'velut
629 3029 749 3088 desertis
768 3029 839 3108 lugd
856 3029 1046 3103 dominorum,

123 3105 256 3172 'eastris¹
271 3115 443 3182 occupatum
470 3103 696 3182 impeditumque
715 3107 837 3166 'hostem
866 3109 1047 3185 opprimeret.

122 3207 125 3216 ⁴
145 3181 247 3242 Crebri
261 3183 356 3241 ‘relicti
367 3183 402 3240 'in
424 3182 523 3240 eastris
543 3183 633 3260 ignes,
654 3195 686 3241 ut
704 3183 775 3242 fides
793 3185 885 3252 lieret,
904 3187 973 3245 dum
986 3189 1047 3264 ipae

128 3258 257 3334 ‘longius
277 3259 398 3337 spatium
417 3259 488 3336 lugd
506 3259 691 3340 praeoipe're't.
711 3261 783 3320 falsa
796 3263 920 3338 imagine
940 3275 1048 3320 essue·

143 3355 208 3394 rum
223 3336 307 3414 (sicut
322 3337 439 3414 Fabium
461 3337 556 3414 priore
578 3347 653 3398 anno
671 3338 821 3412 frustratus
841 3342 929 3414 esset)
950 3348 1048 3397 tenere

141 3415 174 3474 in
187 3413 258 3472 locis
273 3415 403 3478 consules
416 3414 549 3486 ualuisset
576 3433 581 3442 ’
695 3479 701 3492 ,
851 3435 878 3466 τ’
1020 3431 1025 3467 ³

183 3491 280 3552 XLII.
322 3492 382 3553 Uar
395 3492 497 3566 illuxit,
512 3494 672 3556 subductae
693 3494 784 3571 primo
803 3488 952 3558 ΝΜ
966 3487 1045 3551 ‘¹05¹-
