2386 3930
341 237 346 248 ‘
395 252 400 263 ¹
452 227 619 290 LIBER
650 227 760 288 XXIV.
999 235 1057 294 209

147 385 300 464 randisque
331 384 423 454 bellis,
452 385 578 464 Magone
605 385 643 444 ad
669 381 904 462 conquisitionem
932 383 1055 444 militum

146 457 234 522 fratre
260 465 353 531 misso,
381 463 461 522 brevi
486 463 604 540 replevit
630 463 797 530 exercitum,
824 460 990 538 animosque
1016 465 1055 522 ad
1109 501 1113 510 -

147 542 316 600 tentandum
329 542 366 600 de
380 544 494 617 integro
507 552 651 598 certamen
665 541 741 598 fecit.
782 537 841 598 Alii
862 538 989 616 plerique
1003 540 1055 598 mi·

146 618 219 688 lites,
241 620 316 677 sicut
335 637 386 695 pro
410 632 492 696 parta
515 617 600 676 toties
619 617 693 675 intra
714 634 820 694 paucos
834 616 895 675 dies
909 617 994 686 victa,
1008 617 1056 676 iis·

147 695 214 754 dem
227 696 337 766 animis,
358 696 461 774 quibus
484 695 571 771 prius,
586 694 743 770 eodemque
756 693 869 763 evehtu,
884 712 1056 772 pugnavere.

147 773 212 852 plus
239 783 306 832 octo
327 773 415 831 millia
440 773 589 832 hominum
615 789 717 829 caesa:
747 771 824 830 haud
842 773 941 842 multo
963 773 1057 832 minus

148 869 235 926 quam
256 851 334 917 mille
355 861 481 930 captum,
495 862 525 910 et
546 850 628 926 signa
647 848 778 909 militaria
791 849 994 926 quinquaginta
1007 870 1056 910 oc-

148 937 197 994 to3
226 939 257 987 et
280 929 370 1006 spolia
392 929 514 1006 piurima
534 927 647 986 Gallica
665 928 755 995 fuera,
769 927 847 985 aurei
868 939 991 1004 torques,
1011 948 1056 986 ur-

148 1006 309 1084 utiliusque,
330 1026 451 1084 magnus
472 1025 616 1066 numerus.
639 1005 697 1064 duo
721 1004 807 1063 etiam
832 1005 956 1080 insignes
968 1007 1059 1082 reguli

149 1083 299 1159 Gallorum
324 1085 522 1162 (Moenicapto
544 1095 573 1142 et
598 1083 754 1142 Civismaro
774 1081 890 1140 nonu'ua
911 1087 1003 1158 erant)
1023 1102 1059 1158 eo

148 1161 257 1238 proelio
288 1163 466 1226 ceciderunt.
499 1173 565 1220 octo
588 1161 734 1238 elephanti
759 1161 845 1237 capti,
877 1170 935 1220 tres
961 1159 1058 1220 occisi.
1141 1197 1153 1223 Α.

149 1239 246 1304 Quum
266 1243 327 1316 jam
341 1259 387 1300 res
402 1257 555 1319 prosperae
568 1237 597 1297 in
611 1237 753 1317 Hispania
765 1249 871 1310 essent,
885 1238 1058 1298 verecundia

150 1315 298 1375 Romanos
322 1319 436 1376 tandem
461 1318 547 1395 cepit,
563 1317 722 1394 Saguntum
744 1317 890 1395 oppidum,
904 1336 979 1395 quae
991 1335 1060 1376 cau·

149 1410 181 1452 sa
201 1394 269 1452 belli
289 1407 372 1464 esset,
387 1403 520 1454 octavum
540 1397 600 1470 jam
623 1413 730 1454 anuum
744 1399 798 1452 sub
819 1395 947 1455 hostiurn
961 1406 1057 1472 potes-

148 1481 208 1530 tate
222 1491 293 1532 esse.
333 1474 435 1548 ltaque
456 1473 486 1530 id
500 1471 647 1546 oppidum,
661 1473 688 1526 vi
711 1471 794 1558 pulso
811 1467 952 1546 praesidio
972 1473 1058 1533 Puni-
1157 1531 1162 1534 .

149 1567 194 1618 co,
220 1560 400 1624 receperunt,
429 1549 642 1622 cultoribusque
669 1547 801 1621 antiquis,
829 1567 900 1624 quos
926 1549 968 1604 vis
994 1541 1058 1606 reli·

149 1636 250 1700 querat
270 1625 348 1694 belli,
363 1624 564 1690 restituerunt3
592 1633 621 1680 et
641 1621 831 1692 Turdetanos,
845 1624 894 1701 qui
907 1639 1058 1684 contruxe-

148 1713 213 1760 rent
233 1703 274 1760 eis
298 1721 363 1763 curn
388 1696 675 1778 Karthaginiensibus
695 1699 813 1768 bellum,
833 1701 862 1757 in
886 1713 1059 1778 potestatem

150 1779 290 1918 fflacws’
324 1782 379 1840 sub
412 1798 519 1841 corona
544 1779 742 1848 vendiderunt,
771 1779 929 1857 urbemque
961 1797 1059 1840 eorum

197 1877 291 1916 erere.

151 1971 155 1976 -
190 1934 302 1993 XLlll.
342 1930 438 1994 Hauc
463 1936 493 1993 in
517 1932 667 2013 Hispania,
690 1934 727 2000 Q.
754 1927 844 1994 Fabio
867 1934 913 1994 M.
937 1929 1081 1996 Claudio
1117 1927 1125 1932 ’

150 2013 324 2084 consulibus,
338 2025 429 2091 gesta.
470 2014 582 2072 Romae
595 2031 683 2090 quum
696 2013 802 2072 tribuni
816 2015 907 2092 plebis
920 2016 986 2072 novi
999 2033 1060 2082 rua·

150 2089 301 2228 fftratum
327 2092 456 2160 inissent,
484 2092 630 2167 extemplo
656 2092 830 2166 censoribus,
856 2093 890 2150 P.
917 2093 1002 2152 Furio
1030 2105 1059 2160 et

189 2207 197 2224 .
221 2169 321 2237 Atilio,
344 2187 362 2226 a
385 2169 420 2228 L.
441 2169 572 2238 Metello,
588 2168 702 2227 tnbuno
726 2167 828 2244 plebis,
842 2169 903 2228 dies
924 2171 1002 2230 dicta
1020 2171 1060 2238 ad

148 2245 288 2322 populum
309 2258 362 2306 est.
402 2259 580 2324 quaestorem
595 2265 662 2304 eum
682 2245 813 2322 proximo
825 2264 911 2316 anno,
925 2249 1061 2326 adempto
1079 2315 1081 2320 ,

150 2341 234 2398 equo,
253 2325 330 2384 tribu
351 2337 509 2394 moverant,
523 2336 616 2402 ¹utque
637 2323 777 2382 aerarium
796 2323 933 2396 fecerant,
947 2339 1064 2402 propter

151 2403 376 2478 coniurationem
389 2403 564 2464 deserendae
578 2402 679 2461 ltaliae
692 2401 730 2460 ad
745 2403 860 2460 Cannas
874 2403 990 2462 factam.
1009 2403 1063 2475 sed

150 2497 254 2541 novem
278 2480 456 2538 tribunorum
479 2480 584 2539 auxilio
605 2481 685 2538 vetiti
705 2497 821 2550 causam
844 2481 874 2542 in
893 2479 1062 2553 magistratu

152 2552 256 2634 dicere,
284 2557 456 2634 dimissique,
482 2557 604 2616 fuerant.
659 2557 706 2614 Ne
735 2556 856 2616 lustrum
882 2557 1064 2632 perlicerent,

152 2651 229 2694 mors
252 2634 397 2710 prohibuit
421 2635 454 2692 P.
478 2634 563 2692 Furii.
603 2633 648 2693 M.
664 2633 770 2690 Atilius
784 2633 950 2708 magistratu
965 2652 996 2692 se
1009 2633 1061 2694 ab·-

151 2709 266 2780 dicavit.
308 2711 475 2772 Consularis
489 2709 605 2770 comitia
625 2709 724 2768 habita
738 2729 755 2768 a
769 2712 806 2774 Q.
820 2709 909 2770 Fabio
930 2711 964 2768 M
967 2712 1061 2782 aximo

150 2789 279 2864 consule.
332 2791 420 2854 creati
446 2788 588 2858 consules,
612 2789 700 2846 ambo
723 2789 866 2858 absentes,
894 2791 931 2854 Q.
956 2791 1061 2850 Fabius

152 2867 309 2940 Maximus,
330 2869 456 2928 consulis
478 2867 562 2937 filius,
583 2876 612 2930 et
633 2865 678 2923 Ti.
703 2865 887 2943 Sempronius
910 2869 1062 2928 Gracchus

152 2945 264 3004 iterum.
307 2947 455 3016 Praetores
477 2947 550 3016 liunt
571 2943 813 3016 M.1Atilius,‚et,
834 2946 963 3024 quitum
984 2947 1063 3005 aedi·

3 3049 6 3062 ·
76 3043 83 3054 r
151 3023 195 3082 les
222 3024 336 3082 curules
361 3037 452 3094 erant,
479 3025 513 3082 P.
541 3023 726 3099 ¹Sempronius
753 3022 922 3090 Tuditanus,
950 3034 980 3080 et
1008 3023 1062 3082 Cn.

153 3099 268 3168 Fulvius
293 3102 489 3170 Centumalus,
504 3111 535 3162 et
556 3100 603 3158 M.
623 3100 764 3158 Aemilius
786 3101 923 3178 Lepidus.
962 3100 1061 3161 Ludos

152 3177 282 3236 scenicos
304 3199 355 3256 per
368 3179 549 3256 quatriduum
570 3195 605 3236 so
624 3195 700 3237 anno
721 3178 841 3254 primurn
856 3179 947 3236 factos
961 3179 998 3236 ab
1013 3197 1062 3236 cu·

153 3255 262 3314 rulibus
285 3257 434 3328 aedilibus,
457 3255 611 3313 memoriae
634 3255 771 3332 proditur.
812 3256 922 3314 Aedilis
944 3254 1062 3324 Tudita-

152 3352 208 3392 nus
226 3332 274 3390 hio
287 3347 356 3404 erat,
371 3336 419 3412 qui
443 3333 480 3392 ad
495 3334 617 3403 Cannas,
632 3352 736 3410 pauore
756 3333 817 3392 aliis
837 3334 866 3390 in
886 3343 966 3389 tanta
979 3332 1062 3394 clads

152 3411 342 3489 torpentibus,
357 3432 407 3490 per
420 3410 529 3471 medios
547 3410 646 3470 hostes
667 3411 764 3470 evasit.
804 3409 934 3468 Comitiis
952 3409 1061 3485 perfec.

151 3492 199 3564 tis,
215 3499 332 3556 auctore
352 3493 391 3564 Q.
412 3489 501 3560 Fabio
526 3490 652 3563 consule,
674 3487 814 3566 designati
838 3485 978 3561 consules,
1002 3489 1060 3560 Bp.
