2534 4010
138 203 143 207 “
186 203 226 268 'ta
538 191 576 254 Τ.
603 183 772 252 ιινΙΙᾳ

188 367 276 436 qiam
299 355 411 424 umere,
434 355 550 412 neutros
563 335 924 426 prrguamineipienteaad
935 335 1033 400 lmen
1049 347 1109 398 ‘te‘

188 435 262 494 nuit.
304 433 420 492 Interea
444 436 507 488 toto
532 427 648 505 agmine
674 415 822 480 Hannibal
848 413 1020 505 transducto
1047 433 1099 493 pes

79 505 85 525 ⁸
186 513 301 579 saltum,
322 521 352 569 et
392 506 542 568 uibusdam
561 502 673 580 inipso
695 497 772 560 saltu
793 494 918 558 bostrum
941 493 1099 569 oppressis

186 590 215 646 in
228 607 297 664 agro
315 587 372 645 Alli
402 585 663 663 noposuitcastre.
709 607 722 636 n
831 648 839 662 ο
1005 645 1008 650 ,

203 689 208 698 ¹
225 665 341 723 XVIII.
367 664 477 722 Hunc
490 659 647 720 tumultum
660 653 748 716 sensit
769 651 885 710 Fabius.
904 656 1042 716 ceterum,
1064 658 1098 706 et

185 741 302 802 insidias
326 760 390 800 esse
415 751 504 809 ratus,
532 748 563 798 et
588 737 627 794 ab
650 743 792 794 nocturno
815 727 915 804 utique
941 723 1100 814 abhorrens

185 820 353 888 certamine,
378 836 445 877 suos
466 813 651 876 munimentis
677 807 780 870 tenuit.
819 804 905 864 Luce
928 801 1020 879 primi
1042 802 1100 862 sub

184 901 254 976 jugo
265 897 372 956 montis
384 895 527 974 proelium
538 892 609 951 faits
623 907 690 966 quo,
702 883 891 972 interclusam
910 882 949 940 ab
968 879 1037 949 suis,
1057 879 1099 960 ¹⁹?

184 986 445 1034 yremarmataram:
451 973 535 1033 facile
549 967 667 1046 (etenim
681 981 802 1022 numero
816 961 995 1036 aliquantum
1016 974 1100 1036 praes

183 1053 313 1130 stabant)
329 1051 455 1110 Romani
474 1048 666 1128 superassent,
692 1041 746 1099 nisi
765 1039 964 1116 Hispanorum
983 1034 1101 1102 cohors,
1126 1061 1129 1066 ·

185 1131 223 1189 ad
236 1129 267 1188 id
278 1130 375 1208 ipsum
388 1127 507 1186 remissa
526 1125 562 1185 ab
583 1119 762 1188 Hannibale,
782 1113 969 1205 peruenisset.
988 1129 1033 1180 ea,
1054 1129 1101 1170 as·

185 1207 294 1265 castior
313 1206 523 1276 montibus-et
542 1201 581 1260 ad
606 1195 836 1260 concursandum
861 1202 938 1250 mter
960 1207 1031 1251 saxa
1053 1207 1103 1246 ru·

184 1299 293 1360 pesque
320 1283 424 1357 aptior,
456 1300 493 1340 ac
519 1279 618 1347 levior,
645 1293 734 1355 quum
761 1269 916 1334 velocitate
938 1284 1108 1345 corporum,

184 1372 246 1418 tum
260 1367 407 1414 armorum
427 1357 539 1427 habitu,
563 1365 754 1431 campestrem
773 1348 899 1417 hostem,
922 1363 1041 1422 gravem
1061 1363 1105 1405 ar·

77 1443 81 1450 ’
185 1433 239 1492 mis
272 1433 491 1511 statariumque,
522 1450 640 1512 pugnae
657 1445 769 1506 genere
794 1423 882 1482 facile
909 1423 1005 1481 elusit.
1027 1453 1032 1461 ·
1058 1422 1105 1484 Ita

184 1507 411 1586 haudquaquam
424 1513 486 1592 pari
501 1508 658 1570 certamine
671 1501 800 1582 digressi,
815 1499 941 1577 Hispani
961 1499 1022 1557 fere
1042 1509 1105 1556 om·

183 1605 236 1646 nes
249 1584 420 1659 incolumes,
443 1588 579 1656 Romani,
600 1585 710 1662 aliquot
730 1581 798 1642 suis·
812 1577 935 1648 amissis,
956 1576 987 1634 in
1010 1587 1107 1634 castra

184 1662 409 1724 contenderunt.
450 1665 556 1723 Fabius
570 1681 686 1748 quoque
699 1659 788 1716 movit
808 1666 905 1712 castra
916 1674 924 1710 s
934 1665 1107 1740 transgres-

185 1758 291 1816 susque
304 1740 412 1798 saltum
433 1760 467 1796 su
488 1758 519 1796 er
532 1737 636 1791 Allifas
648 1736 714 1788 loco
732 1731 792 1784 alto
811 1745 848 1782 ac
868 1740 984 1784 mumto
1004 1748 1108 1790 conse-

184 1817 236 1876 dit.
276 1814 375 1879 Tum,¹
391 1831 444 1885 per
465 1760 611 1866 §amnium
633 1805 759 1860 Romam
779 1819 811 1880 se
831 1811 933 1877 petere
956 1803 1107 1874 simulans,

183 1885 332 1950 Hannibal
346 1901 440 1956 usque
459 1884 489 1938 in
510 1880 647 1955 Pelignus
667 1878 894 1957 populabundus
909 1880 1010 1940 rediit.
1051 1882 1108 1942 Fa·

183 1964 247 2022 bius
262 1954 364 2011 mediis
374 1956 451 2014 inter
460 1957 591 2017 *hostium
607 1975 712 2034 agmen
731 1957 894 2034 urbemque
914 1957 1043 2017 Romam
1062 1963 1110 2038 ju·

182 2039 226 2124 gis
236 2030 373 2098 ducebat,
394 2052 452 2092 nec
465 2035 617 2105 absistens,
638 2054 695 2095 nec
708 2034 909 2112 congrediens.
951 2035 999 2094 Ex
1013 2037 1109 2116 Pelig-

183 2105 367 2197 msPoenus
383 2109 469 2171 flexit
489 2113 552 2181 iter,
573 2123 709 2190 retroque
730 2113 870 2190 Apuliam
891 2126 1027 2191 repetens
1048 2116 1109 2176 Ge·

182 2201 293 2270 rourum
308 2188 453 2258 pervenit,
476 2192 579 2249 urbem
600 2199 690 2257 metu,
711 2190 779 2266 quia
789 2189 917 2266 collapsa
937 2191 1028 2246 ruinis
1042 2209 1110 2268 pare

141 2306 144 2308 -
166 2277 328 2324 -moemum
340 2269 418 2332 erat,
430 2267 469 2323 ab
483 2266 542 2322 suis
563 2265 718 2323 desertam.
757 2265 894 2322 Dictator
910 2265 944 2322 in
968 2265 1111 2330 Larinate

181 2356 262 2418 agro·
275 2347 372 2392 castra
399 2342 582 2400 communiit.
604 2341 673 2400 inde
697 2359 843 2398 sacrorum
866 2343 956 2402 causa
981 2344 1110 2406 Rumam

183 2421 343 2486 revocatus,
366 2432 431 2502 non
452 2417 574 2495 imperio
597 2419 694 2487 modo,
722 2418 775 2478 sed
801 2418 923 2478 consilio
951 2421 1111 2492 etiamne

184 2492 442 2582 prope'precrbus,
463 2513 553 2572 agens
576 2515 644 2556 cum
664 2495 805 2573 ¹magistro
826 2497 967 2574 equitum,
990 2501 1112 2579 utplus

184 2567 315 2630 oonsilio,
329 2587 419 2656 quam
432 2572 578 2640 fortunae,
600 2574 748 2643 confidam
770 2586 801 2633 et
821 2594 853 2634 se
873 2577 971 2652 potius
994 2578 1112 2648 ducem,

184 2660 270 2721 quam
299 2643 509 2721 Sempronium
536 2652 777 2730 Flaminiumque,
801 2652 947 2716 imitetur:
974 2675 1013 2716 ne
1040 2658 1115 2716 nihil

185 2729 282 2778 actum
296 2733 443 2804 censeret,
460 2732 603 2813 'extracta
623 2751 676 2805 pro
696 2750 713 2788 e
733 2739 845 2788 aestate
865 2749 919 2805 per
938 2731 1114 2795 ludificatio·

184 2810 251 2854 nem
264 2789 355 2846 hostis
366 2813 375 2848 ε
386 2801 520 2858 medicos
534 2751 722 2878 quoquepius
730 2804 876 2861 interdum
890 2805 1011 2878 quiete,
1024 2828 1116 2884 quam

184 2864 326 2930 movendo
350 2877 595 2959 atqueagendo,
618 2877 881 2951 proficerezbaud
909 2897 1029 2955 parram
1050 2904 1113 2946 rem

186 2965 258 3014 ωε,
276 2941 314 2998 ab
328 2951 417 3028 toties
430 2960 542 3007 victore
561 2951 648 3010 hoste
668 2952 744 3010 vinci
763 2952 883 3024 desisse,
908 2970 939 3014 et
958 2960 998 3018 ab
1019 2962 1114 3028 conti·

185 3015 402 3112 auis-cladrbus·
408 3025 588 3100 respirasse:
617 3030 704 3088 Haec
722 3031 916 3116 nequicquam
930 3042 1114 3112 praemonito

186 3119 233 3178 ma
263 3107 321 3154 stro
335 3105 479 3228 eqmtum,
495 3103 623 3184 Romam
636 3119 682 3166 est
695 3108 851 3186 profectus.
996 3109 1003 3124 “
1110 3119 1114 3126 “

272 3171 310 3262 Χ..
375 3189 528 3238 nrucrmo
543 3185 673 3256 aestatis,
699 3189 756 3265 quai
775 3188 1059 3267 baecfgerebautur,
1083 3172 1114 3256 in

189 3260 330 3332 Hrspama
353 3261 578 3329 quoqueaerrd
604 3265 735 3343 marique
761 3278 898 3346 coeptum
919 3269 1032 3332 bellum
1055 3287 1115 3337 est.

186 3327 354 3392 Hasdrubal
367 3328 407 3386 ad
420 3348 491 3390 eum
511 3337 630 3396 navium
651 3362 813 3417 numerum,
836 3366 923 3425 quem
936 3367 955 3408 a
968 3349 1115 3418 fratrejn·

186 3419 329 3468 mactum
359 3421 557 3493 paratumque
577 3428 743 3500 acceperat,
763 3424 867 3488 decem
891 3426 1016 3506 adjecit:
1034 3445 1113 3512 *qua-
