2534 4010
194 209 235 311 ro
542 229 580 292 τ.
606 223 757 290 alvu.
795 211 800 216 ’

196 410 292 460 mlum
306 397 411 464 (lucem
424 399 635 472 percunctatur,
648 381 700 443 ubi
711 389 850 439 terrarum
863 362 967 426 esset?
1008 358 1108 424 Quum

197 479 222 536 is
244 474 368 536 Casilini.
379 493 414 532 eo
436 472 483 530 die
503 481 669 526 mansurum
682 477 750 520 eum
771 451 897 514 dixisset,
910 453 975 500 tu·
990 438 1110 524 demum

197 554 329 630 cognitus
342 563 387 610 est
399 568 487 617 error,
509 557 540 604 et
562 541 699 603 Casinum
718 523 889 608 longeinde
908 517 967 578 alie
989 525 1110 588 regione

199 651 282 692 esset
305 629 552 706 virgisquecaeso
575 621 661 687 duce,
682 628 712 675 et
725 613 762 671 ad
774 607 945 682 reliquorum
968 603 1116 650 terrorem

131 783 145 792 ·
200 711 230 768 in
243 725 358 767 crucem
372 707 496 772 sublato,
511 698 612 761 castris
621 688 812 778 communitis,
827 670 1029 767 Maharbalem
1043 681 1115 722 cum

201 787 346 865 equitibus
365 784 513 860 inagnum
536 777 686 836 Falernum
707 765 878 848 praedatum
899 755 1022 842 drmrsrt..
1055 743 1116 801 Us-

203 885 259 944 que
272 864 310 922 ad
323 879 411 940 aquas
427 848 615 920 Sinuessanas
635 844 780 928 populatio
799 857 837 898 ea
855 839 996 924 pervenit.
1014 829 1118 910 mgen-

204 957 264 1007 tem
278 941 400 1006 cladem,
420 938 519 1015 fugam
532 946 629 992 tamen
644 935 838 996 terroremque
851 913 948 978 laurus
971 897 1118 963 Numdfle

204 1021 344 1080 fecerunt.
384 1016 449 1074 Nec
462 1029 558 1074 tamen
572 1009 596 1066 is
610 1019 708 1071 terror,
733 1015 821 1076 quum
843 988 941 1048 omnia
964 980 1043 1040 bello
1067 975 1119 1032 fla*

206 1107 331 1174 gnorent,
344 1095 402 1153 lide
412 1089 505 1151 socios
518 1085 653 1146 dimovitr
666 1078 800 1138 videlicet
813 1068 880 1149 quia
900 1067 978 1142 justo
1002 1067 1033 1114 et
1057 1070 1122 1108 mo·

207 1175 307 1234 derato
321 1172 494 1247 regebantur
505 1162 634 1242 imperio,
658 1177 714 1218 nec
733 1151 910 1213 abnuebant,
930 1133 1010 1216 quod
1028 1147 1123 1188 111111111

209 1250 354 1322 vinculum
374 1247 441 1304 fidei
455 1257 510 1313 est,
522 1239 689 1299 melioribus
702 1247 811 1311 parere.

249 1325 331 1382 XIV.
372 1324 422 1381 Ur
446 1339 514 1380 vero
541 1319 580 1376 ad
607 1315 780 1371 Vulturnum
807 1305 918 1360 flumen
938 1303 1035 1353 castra
1057 1293 1126 1344 sunt

206 1401 311 1480 posita,
325 1401 558 1474 exurebatnrque
571 1385 787 1450 amoenissimus
801 1379 905 1436 Italiae
926 1389 1005 1446 ager,
1027 1364 1125 1422 villae·
1226 1417 1227 1426 χ

212 1498 268 1556 que
281 1477 386 1554 passim
400 1469 711 1534 incendiisiumabant,
726 1478 778 1538 per
799 1460 870 1536 juga
884 1447 1004 1538 Massici
1019 1438 1128 1498 montis

212 1556 302 1614 Fabio
325 1555 459 1620 ducente,
484 1564 546 1610 tum
570 1564 660 1626 prope
681 1543 719 1600 de
737 1540 850 1610 integro
870 1527 973 1588 seditio
994 1533 1131 1607 accensa.

213 1634 378 1710 quieverant
391 1631 468 1688 enim
488 1645 539 1704 per
558 1641 668 1702 paucos
689 1620 770 1682 dies,
793 1613 869 1688 quia,
894 1620 984 1682 quum
1008 1595 1131 1655 celeruu

211 1710 299 1769 solito
312 1709 431 1766 ductum
451 1721 554 1774 agmen
573 1700 685 1761 fuisset,
708 1687 837 1747 festinari
859 1683 896 1738 ad
917 1672 1132 1754 prohibendam
1226 1719 1227 1760 l

214 1783 446 1864 populationibus
478 1771 665 1844 Campaniam
698 1761 891 1820 crediderant.
933 1753 975 1810 Ut
1005 1767 1075 1806 vero
1103 1744 1135 1803 in

211 1875 343 1918 extrema
355 1859 426 1928 juga
440 1846 557 1904 Massici
569 1841 676 1898 montis
689 1848 809 1896 ventum
823 1843 878 1902 est,
901 1830 1061 1903 hostesque
1075 1825 1133 1883 sub

211 1934 406 1991 continerent,
419 1919 532 1980 Falerni
554 1919 617 1994 agri
629 1916 858 1990 colonorumque
884 1907 1040 1967 Sinuessae
1054 1911 1136 1960 tecta

211 2017 337 2068 urentes,
361 2017 416 2057 nec
440 1997 500 2056 ulla
523 2009 585 2054 erat
607 1995 718 2054 mentio
740 2008 866 2070 pugnae,
892 1996 910 2025 “
925 1985 1136 2061 Spectatumna

214 2092 234 2118 ⁶⁴
247 2079 334 2145 huc,'’
357 2074 449 2153 inquit
473 2073 633 2142 Minucius,
666 2082 684 2111 ‘⁸
705 2081 738 2130 ut
765 2088 825 2127 rem
853 2064 1007 2132 fruendam
1034 2055 1137 2122 oculis,

211 2165 234 2194 ⁴‘
248 2156 389 2214 sociorum
399 2152 505 2210 caedes
519 2161 550 2209 et
563 2149 698 2208 incendia
710 2143 866 2206 venimus?
889 2159 955 2206 nec,
980 2137 1005 2192 si
1016 2133 1138 2190 ‘nullius
1226 2189 1227 2208 ἦ

214 2241 234 2271 “
249 2232 365 2290 alterius
388 2247 451 2296 nos,
474 2247 512 2285 nc
535 2227 642 2283 civium
666 2225 784 2301 quidem
809 2212 1039 2290 horum'pudet,
1064 2227 1140 2286 quos
1226 2283 1227 2292 ἵ

213 2316 236 2361 ‘l
250 2309 414 2366 Sinuessam
425 2303 545 2360 colonos
560 2313 657 2378 patres
671 2299 762 2356 nostri
776 2296 926 2360 miserunt,
947 2299 981 2347 ut
993 2289 1032 2346 ab
1056 2282 1141 2345 Sam·

214 2393 236 2422 ⁴¹
250 2385 310 2441 nite
323 2383 407 2438 hoste
421 2391 486 2436 tuta
496 2379 573 2436 baec
586 2396 637 2436 ora
650 2386 747 2436 esset:
771 2389 867 2450 quam*
882 2386 963 2426 nunc
986 2383 1047 2424 non
1071 2364 1143 2423 vici·

216 2470 236 2499 ‘⁴
250 2480 304 2521 nus
320 2455 431 2518 Samnis
444 2453 511 2522 urit,
536 2455 588 2513 sed
604 2455 722 2514 Poenus
745 2452 867 2517 advena,
887 2448 928 2504 ab
943 2443 1082 2503 extremis
1096 2459 1145 2500 ur·
1226 2445 1227 2448 ’

218 2548 238 2576 “
253 2540 297 2597 bis
310 2549 448 2595 terrarum
472 2532 613 2601 terminis,
638 2531 739 2589 nostrai
751 2525 939 2588 cunctatione
953 2534 984 2580 et
998 2517 1143 2588 socordia,

216 2621 241 2672 l‘
250 2619 309 2688 jam
324 2613 381 2698 buc
394 2628 573 2688 progressus.
624 2609 754 2667 Tantum
779 2607 871 2684 (prol)
892 2602 1107 2678 degeneramus
1126 2613 1145 2653 a

217 2695 239 2720 ⁴⁴
252 2689 420 2771 parentibus
433 2687 550 2754 nostris,
565 2697 734 2764 ut,praeter
748 2703 836 2761 quam
859 2698 939 2738 oram
963 2678 1004 2734 illi
1019 2675 1147 2733 Punicas

218 2768 237 2794 ·‘
252 2776 346 2833 vagari
360 2759 467 2815 classes
481 2762 612 2818 dedecus
626 2781 690 2818 esse
710 2759 821 2834 imperii
842 2758 886 2812 sui
905 2753 1054 2814 duxerint,
1081 2769 1149 2809 eam

218 2841 238 2870 ⁴‘
252 2852 305 2890 nos
318 2850 395 2920 nunc
409 2832 527 2904 plenam
548 2834 687 2900 hostiurn,
707 2832 959 2903 Numidarumque
973 2845 1009 2882 ac
1024 2826 1151 2886 Mauro·

217 2918 316 2982 ttrum
344 2922 410 2992 Jam·
425 2905 536 2992 iactam
560 2907 736 2966 videamus?
777 2905 836 2970 Qui
852 2904 954 2970 modo,
981 2903 1151 2978 Saguntum

215 2995 240 3072 1⁴⁴
254 2999 412 3060 oppugnari
426 2980 617 3057 indignando,
630 2981 839 3042 non-homines
862 2990 986 3047 tantum,
1009 2981 1064 3038 sed
1089 2982 1152 3042 foe·

220 3071 240 3098 “
255 3061 324 3118 deru
343 3068 373 3114 et
393 3055 475 3145 deos,
499 3059 661 3129 ciebamus,
686 3060 876 3120 scandentem
900 3057 1018 3116 moenia
1041 3059 1152 3119 Roma

222 3147 242 3176 ‘⁴
255 3153 315 3224 nae
330 3133 461 3222 colonges
477 3135 691 3222 ‘Hannibalem
715 3138 786 3198 lenti
810 3145 985 3214 spectamus.
1041 3137 1154 3195 Fumus

220 3223 244 3252 ·“
255 3232 296 3272 ex
308 3209 448 3301 rpccndrrs
458 3212 594 3272 villarum
615 3233 810 3294 agrorumque
822 3215 852 3272 in
864 3213 967 3272 oculos
991 3224 1082 3292 atque
1104 3231 1155 3272 ora

216 3301 247 3358 ,⁴⁴
261 3300 354 3353 vemtr
383 3298 518 3376 strepunt
545 3300 631 3350 aures
660 3295 836 3353 clamoribus
859 3291 1156 3370 plorantiumsooio·

225 3375 333 3476 ‘dmm'
357 3381 472 3442 saeptus
496 3385 551 3425 uos
575 3387 665 3446 quam
685 3373 807 3432 deorum
826 3370 1024 3429 invocantium
1047 3385 1157 3444 opem:

264 3462 317 3501 ²⁰³
330 3443 379 3502 hic
392 3459 532 3520 Ptffltllm
546 3447 637 3507 modo
658 3469 712 3527 pet
736 3449 861 3510 aestivos
885 3449 975 3508 saltus
997 3443 1158 3524 deviasque
