2534 4010
176 197 253 280 aa
560 209 802 270 T.'L1t¹11.'

209 383 295 444 quum
318 364 378 442 jam
400 366 429 422 in
446 367 544 424 orbem
560 378 731 444 pugnarent,
745 365 847 424 decem
861 361 948 423 baillia
960 365 1051 426 ferme
1064 364 1115 426 lani

208 444 325 511 minum,
341 461 428 520 quum
449 443 496 501 alii
520 445 641 504 evadere
664 447 839 522 nequissent,
863 441 957 502 medii
979 443 1113 504 afiorum

207 522 278 588 acie,
305 540 380 598 quae
407 519 526 580 Gallicis
550 523 662 580 auxiliis
688 523 801 580 firmata
819 533 890 588 erat,
914 539 982 582 cum
1005 522 1115 596 ingenti

207 598 296 658 caede
310 599 435 658 hostium
454 619 625 678 perrupere:
647 613 686 670 et,
701 619 789 678 quum
808 617 901 676 neque
915 599 944 658 in
957 611 1052 658 castra
1070 619 1113 660 re·

206 675 283 734 ditus
296 688 382 748 esset,
403 678 521 736 flumine
544 673 714 748 interclusis,
734 697 828 754 neque
850 695 918 753 prae
942 676 1024 736 imbri
1043 680 1133 734 eatis.

206 755 360 813 decernere
381 768 509 832 possent,
530 759 587 834 qua
610 758 668 815 ruis
691 775 775 834 opem
798 755 915 822 ferrent,
936 754 1111 816 Placentiam

123 843 124 846 ’
204 845 284 892 recto
307 834 407 893 itinere
430 853 590 912 perrexere.
633 836 732 892 Plures
751 832 856 892 deinde
880 832 909 890 in
929 853 1029 892 omnes
1047 850 1112 909 par·

206 922 249 969 tes
263 912 426 989 eruptiones
439 911 552 972 factae:
573 923 612 980 et,
635 912 682 990 qui
703 912 811 970 flumen
836 912 953 988 petiere,
977 923 1029 972 aut
1048 931 1112 988 gur-

203 989 312 1066 gitibus
325 991 470 1067 absumpti
490 1002 565 1060 sunt,
587 1001 637 1056 aut
660 990 735 1048 inter
756 989 968 1049 cunctationem
989 992 1112 1066 ingredi-

204 1067 270 1126 endi
291 1071 328 1128 ab
349 1068 479 1126 hostibus
500 1068 706 1145 oppressioni
726 1070 830 1144 passim
857 1086 908 1144 per
933 1085 1017 1143 agius
1044 1068 1112 1142 fuga

204 1147 293 1222 sparsi
313 1157 403 1214 erant,
422 1145 541 1222 vestigia
560 1144 690 1205 cedentis
717 1157 868 1224 sequentes
895 1145 1025 1224 agminis,
1048 1146 1112 1204 Pla·

203 1223 327 1281 eentiam
342 1223 533 1282 contendere:
553 1223 616 1282 aliis
640 1225 724 1284 timor
747 1225 872 1283 hostium
895 1223 1045 1290 audaciam
1069 1225 1111 1282 in·

201 1299 349 1378 gradiendi
369 1301 476 1358 flumen
500 1301 577 1370 lecit,
596 1302 820 1379 transgressique
842 1302 873 1360 in
897 1315 990 1362 castra
1013 1321 1111 1380 perve-

202 1390 315 1434 nerunt.
356 1377 453 1436 Imber
473 1379 537 1438 nive
557 1381 664 1438 mixtus
685 1390 714 1438 et
734 1380 914 1438 intoleranda
937 1382 979 1438 vis
1000 1382 1109 1457 frigoris

202 1467 231 1513 et
245 1455 376 1516 homines
389 1456 505 1526 multos,
520 1470 549 1517 et
562 1461 700 1537 jumenta,
715 1469 744 1516 et
762 1456 932 1534 elephantos
945 1477 1035 1534 prope
1049 1479 1110 1518 om-

202 1553 261 1603 nes,
276 1536 445 1614 absumpsit.
486 1537 562 1595 Finis
586 1537 754 1615 insequendi
777 1535 1108 1596 bostisPoenisflutuen

202 1610 309 1671 Trebia
321 1614 394 1674 fuit:
416 1625 445 1673 et
459 1617 499 1674 ita
517 1627 663 1694 torpentes
686 1616 752 1692 gelu
775 1616 804 1673 in
828 1625 923 1674 castra
942 1613 1063 1683 rediere,
1077 1627 1109 1674 ut

200 1690 248 1748 rix
274 1692 412 1753 laetitiam
436 1695 570 1751 victoriae
594 1694 741 1749 sentirent.
791 1692 894 1766 Itaque
921 1704 1008 1750 nocte
1034 1694 1109 1752 inse·
1214 1733 1215 1756 ;

200 1763 307 1846 quenti,
332 1790 419 1848 quum
444 1767 617 1843 praesidium
642 1777 808 1834 castrorum,
823 1779 854 1823 et
877 1768 954 1842 quod
967 1768 1108 1843 reliquum
1214 1793 1215 1800 ¹

199 1866 236 1904 ex
249 1865 354 1922 magna
371 1855 452 1924 parte
465 1841 586 1898 rnilitum
606 1853 677 1910 erat,
697 1843 807 1900 ratibus
832 1843 967 1902 Trebiam
995 1847 1109 1922 trajice-

198 1932 271 1990 rent,
298 1931 348 1978 out
377 1919 446 1977 nibil
467 1937 590 1989 sensere,
611 1920 797 1999 obstrepente
817 1921 931 1999 pluria3
957 1934 1016 1993 aut,
1042 1925 1108 2001 quia

195 2003 255 2076 jam
282 1998 476 2076 moveriprae
496 1997 664 2059 lassitudine
690 1999 848 2079 nequibant
871 2020 906 2060 ac
932 2002 1106 2070 vulneribus,

171 2138 176 2143 ,
198 2076 302 2135 sentire
320 2095 383 2136 sese
406 2076 639 2136 dissimularunt:
661 2080 820 2156 quietisque
835 2080 940 2140 Poenis
954 2082 1042 2140 tacito
1056 2101 1106 2156 ag·
1132 2105 1138 2120 ·

196 2154 273 2226 mine
287 2156 324 2213 ab
341 2156 474 2235 Scipione
488 2157 606 2215 consule
620 2157 762 2215 exercitus
777 2158 953 2216 Placentiam
977 2170 1021 2216 est
1042 2177 1107 2234 per·
1213 2161 1214 2170 ’

197 2231 320 2291 ductus:
347 2235 414 2292 inde
435 2233 515 2292 Pado
543 2238 681 2310 trajectus
709 2237 890 2300 Cremonam,
918 2253 962 2294 ne,
982 2234 1105 2294 duomm

197 2311 376 2370 exercituum
390 2312 516 2370 hibernis
529 2330 586 2369 una
600 2311 713 2370 colonia
726 2323 911 2389 premeretur.

200 2419 205 2429 ·
234 2387 332 2448 Lvtl.
372 2389 499 2447 Romam
513 2400 611 2448 tantus
631 2401 722 2449 terror
743 2409 780 2448 ex
802 2389 858 2447 bac
880 2389 962 2450 clade
977 2391 1102 2467 perlatus

197 2481 249 2538 est,
264 2481 297 2529 ut
318 2472 378 2548 jam
401 2468 438 2527 ad
459 2469 560 2526 urbem
580 2469 729 2528 crederent
752 2467 862 2527 infestis
881 2468 970 2545 signis
991 2468 1105 2528 hostem

196 2563 365 2610 venturum:
386 2567 441 2606 nec
462 2548 614 2626 quicquam
632 2547 692 2624 spei
705 2559 756 2606 aut
770 2547 868 2608 auxilii
882 2565 953 2616 esse,
968 2564 1025 2625 quo
1059 2559 1106 2605 or·-

197 2623 233 2682 tis
255 2628 462 2706 moenibusque
484 2627 540 2684 vim
563 2636 703 2686 arcerent.
745 2627 811 2689 Uno
832 2627 950 2686 consule
969 2624 1008 2686 ad
1056 2626 1106 2684 ini-
1211 2635 1212 2640 ’

195 2719 264 2757 num
279 2697 374 2772 uicto,
399 2708 489 2763 altero
513 2726 551 2764 ex
574 2705 670 2764 Sicilia
692 2704 1106 2773 revocato,du0ansooosuti-

195 2779 251 2836 bns
273 2778 389 2837 duobus
411 2783 609 2838 consularibus
633 2782 806 2837 exercitibus
831 2781 920 2847 victis,
946 2781 1105 2856 quosalius

194 2853 293 2924 duces,
307 2874 379 2933 quas
392 2856 461 2913 alias
484 2856 612 2932 legiones
635 2873 706 2922 esse,
731 2873 806 2930 quae
830 2854 1033 2912 arcessamus?
1075 2859 1105 2912 1-

194 2945 225 2992 ta
247 2933 352 2992 territis
380 2933 565 3010 Sempronius
591 2931 691 2990 consul
715 2931 839 3000 advenit,
853 2931 962 3008 ingenti
975 2932 1104 3010 periculo

194 3031 246 3092 per
258 3011 364 3072 effusos
377 3012 483 3091 passim
497 3011 535 3070 ad
553 3007 896 3092 praedandumlhostiutn
916 3011 1026 3089 equites
1040 3014 1105 3090 (aar-

196 3089 279 3154 datla
291 3091 392 3168 magis,
408 3109 492 3169 quam
506 3091 624 3150 consilio
644 3100 694 3147 aut
705 3121 708 3128 ι
718 3109 770 3168 spe
792 3087 919 3159 fallendi,
937 3090 1104 3152 resistendi·

195 3189 238 3238 ve,
247 3163 277 3228 ''ai
290 3187 349 3230 non
361 3169 483 3250 falleret)
497 3182 576 3230 trans
610 3187 699 3228 essus.
739 3168 775 3226 ld
798 3169 876 3247 quod
898 3187 988 3228 unum
1012 3172 1103 3232 maxi-

196 3267 243 3311 me
267 3248 297 3309 in
320 3249 482 3342 praesentia
508 3249 568 3308 desi
590 3249 732 3317 erabatur,
756 3247 879 3308 comitiis
902 3251 1103 3310 consularibus
1208 3249 1209 3260 ¹

195 3325 310 3398 habitis,
323 3345 353 3388 tn
367 3328 487 3388 hiberna
506 3327 600 3386 rediit.
640 3327 736 3387 Creati
755 3326 886 3388 consules
911 3327 971 3386 Cn,
987 3327 1103 3386 Servili·

195 3422 230 3460 us
250 3419 280 3466 et
292 3407 340 3466 Ὀ.
364 3407 526 3468 Flaminius.
567 3406 704 3467 Ceterum
727 3423 764 3464 ae
777 3405 897 3468 hiberna
909 3405 1025 3484 quidem
1040 3403 1102 3463 tto·

192 3483 286 3554 mpla
296 3487 398 3562 quieta
410 3499 501 3564 mant,
521 3485 692 3564 vagantibus
715 3483 830 3564 passim.
846 3482 977 3546 Nantua
997 3481 1101 3555 equam
