2406 3932
171 237 226 296 tot
472 231 476 238 ’
526 227 561 290 Τ.
588 229 721 291 Ltvtt

167 387 217 446 diu
237 386 410 465 perlustrans
417 385 513 444 'oouts
527 387 723 466 obequitlrsset
743 385 867 446 hostium
888 387 1076 458 tunnis'tcn·

167 465 244 535 dem,
256 464 335 524 facto
350 463 470 533 silentio,
491 465 540 523 ubi
561 477 638 524 esset
657 465 796 525 Claudius
816 465 941 534 Asellus,
964 469 1076 544 quaesi·

167 544 224 602 vit:
247 553 285 612 et,
300 542 433 620 quoniam
448 543 541 601 verbis
555 563 653 602 secum
668 543 705 602 de
725 543 827 600 virtute
847 543 993 619 ambigere
1009 545 1077 602 soli-

167 633 214 680 tus
241 632 325 688 esset,
350 639 402 678 cur
428 639 486 678 non
512 620 586 680 ferro
614 623 799 689 decerneret;
818 620 954 698 daretque
978 621 1078 699 opima

167 698 258 776 spolia
271 698 371 766 victus,
383 709 435 755 sut
448 692 538 756 victor
551 711 678 776 caperet.

168 815 172 824 .
205 775 330 832 XLVII.
371 777 466 834 Hunc
490 777 540 835 ubi
568 778 664 836 Asello
684 776 822 836 nunciate
841 788 908 836 sunt
927 775 1075 846 innostra,

166 853 196 912 id
209 853 295 912 modo
310 865 447 922 moratus,
462 866 494 912 ut
507 856 654 914 consulem
674 865 918 932 percunctaretur,
938 853 1078 914 liceretne

165 943 248 990 extre
260 931 389 990 ordinem
403 932 431 989 in
446 944 648 1008 provocantem
672 933 785 990 hostem
806 951 943 1009 pugnare,
957 933 1077 1009 permis·

165 1029 199 1068 su
212 1012 274 1086 ejus
289 1028 368 1067 arma
381 1011 526 1086 extemplo
547 1011 641 1087 cepit:
661 1023 870 1087 provectusque
889 1019 957 1068 ante
977 1011 1079 1070 statio·

165 1106 217 1146 nes
244 1107 319 1165 equo
347 1088 488 1146 Tauream
516 1089 630 1146 nomine
657 1088 847 1165 compellavit,
872 1088 1078 1164 congredique,

166 1167 215 1225 ubi
229 1166 324 1230 vellet,
335 1165 428 1242 jussit.
467 1166 532 1224 Jsm
549 1166 674 1224 Romani
686 1165 724 1224 nd
744 1165 938 1244 spectaculum
959 1184 1078 1241 pugnae

163 1246 225 1322 ejus
237 1244 400 1320 frequentes
414 1243 557 1302 exierunt:
578 1257 608 1302 et
623 1245 763 1320 Campani
783 1263 840 1302 non
860 1243 965 1302 vellum
985 1243 1077 1302 modo

146 1325 331 1387 'uestrorum
344 1321 397 1380 sed
411 1322 524 1378 moenis
537 1322 624 1380 etiem
645 1323 732 1390 urbis,
753 1333 968 1398 prospectantes
982 1321 1077 1398 reple·

164 1410 272 1460 verant.
311 1401 408 1462 Quum
427 1400 486 1474 jam
507 1409 573 1456 ante
593 1398 736 1478 ferocibus
751 1398 836 1455 dictis
849 1418 909 1456 rem
924 1399 1078 1458 nobilius-

164 1491 236 1547 sent‚
250 1476 360 1534 infestis
372 1476 463 1534 bustis
476 1476 657 1536 concinnunt
676 1494 773 1553 equos
795 1475 872 1542 dein,
896 1476 987 1534 libero
1008 1495 1022 1533 s
1062 1509 1077 1522 ·

162 1556 203 1616 tin
224 1556 298 1615 inter
318 1575 349 1614 se
368 1555 559 1626 ludificantes,
577 1556 639 1614 sine
658 1555 773 1614 vulnere
793 1571 919 1632 pugnam
939 1495 1077 1616 extre&-

162 1635 242 1692 bsnt.
282 1633 358 1692 Tum
383 1634 549 1712 Campanus
577 1634 719 1702 Romano,
742 1641 759 1670 “
775 1631 950 1708 Equorum,''
971 1631 1076 1710 inquit,

164 1719 182 1749 “
196 1711 270 1779 boc„
286 1731 344 1770 non
365 1713 503 1801 equitum,
524 1712 578 1768 erit
598 1726 752 1775 certamen,
766 1710 819 1764 nisi
834 1729 850 1764 e
864 1727 968 1784 campo
981 1710 1012 1766 in
1025 1729 1078 1770 ea-

163 1798 182 1830 “
196 1807 259 1847 vam
280 1789 356 1846 hunc
377 1807 449 1844 vrum
471 1787 647 1842 demittimus
673 1803 770 1858 equos.
790 1783 829 1840 ibi
848 1784 927 1842 nullo
948 1786 986 1842 nd
1006 1806 1077 1845 eva-

163 1876 182 1906 “
194 1865 320 1942 gendum
335 1863 427 1937 spatio
450 1861 580 1918 cominus
604 1871 790 1918 conserentur
812 1860 938 1920 munus?
981 1861 1074 1924 Dicto

159 1937 248 2020 'prope
269 1939 352 1996 citiu's
372 1956 477 2013 equum
497 1937 527 1994 in
547 1938 621 1994 viam
641 1937 778 1998 Claudius
792 1937 906 2015 dejecit.
948 1939 1074 2012 Taurea,

159 2017 253 2078 verbis
272 2014 401 2082 ferocior,
427 2033 512 2090 quam
532 2035 573 2085 re,
595 2028 614 2055 ‘⁴
628 2017 751 2076 Minime
764 2015 828 2084 sis‚”
848 2017 949 2094 inquit.
971 2030 990 2056 “
1004 2037 1076 2092 can-

162 2106 180 2134 “
193 2093 316 2153 therium
330 2092 359 2150 in
373 2091 474 2152 fossa.''
488 2114 569 2171 ⁴qune
589 2114 645 2176 vox
671 2095 701 2152 in
724 2095 862 2154 rusticum
876 2097 944 2154 inde
957 2117 1075 2173 prover-

159 2174 240 2232 bium
253 2171 375 2248 prodite.
416 2173 563 2242 Claudius,
577 2194 665 2251 quum
684 2193 720 2232 ex
734 2173 779 2232 via
796 2174 881 2249 longe
895 2175 1074 2250 perequitric·

160 2262 213 2321 set,
234 2250 313 2308 nullo
334 2251 419 2311 obvio
442 2252 534 2319 hoste,
558 2253 587 2309 in
608 2271 741 2328 campum
761 2269 870 2308 rursum
886 2264 1011 2317 evectus,
1026 2253 1074 2310 in-

160 2349 281 2407 crepans
294 2329 435 2404 ignaviam
453 2329 552 2396 hostis,
567 2347 634 2386 cum
657 2346 761 2404 magno
781 2326 886 2402 gaudio
900 2341 929 2386 et
943 2329 1072 2404 gratuln-

160 2410 237 2468 tione
250 2409 341 2478 victor
353 2407 382 2464 in
397 2419 491 2464 cestre
504 2405 586 2464 redit.
627 2407 705 2464 Huic
727 2423 841 2482 pugnae
861 2406 986 2483 equestri
1007 2426 1070 2466 rem

161 2490 256 2566 (quam
277 2486 344 2546 sctis
365 2497 483 2553 certam,
504 2484 663 2544 communis
683 2483 856 2544 existimatio
875 2487 940 2562 est)
954 2483 1070 2544 mirabi-

159 2567 217 2626 lem
232 2580 318 2632 certe‚
333 2563 470 2641 adjiciunt
484 2564 599 2640 quidam
613 2563 747 2622 annales:
768 2581 855 2640 quum
879 2559 1069 2640 refugientem

157 2645 197 2700 nd
208 2647 308 2718 urbem
324 2642 619 2705 Tauream-Claudius
632 2656 807 2720 sequeretur,
818 2641 929 2718 patenti
942 2641 1069 2700 hostium

158 2731 258 2795 portue
272 2723 427 2790 invectum,
440 2741 491 2798 per
505 2721 633 2791 alterum,
645 2721 829 2798 stupentibus
846 2720 980 2778 miraculo
1001 2719 1068 2780 hos·

157 2796 243 2862 tibus,
257 2797 398 2854 intactum
412 2801 546 2858 evasisse.

197 2871 338 2928 XLVIII.
378 2876 507 2936 Qurers
528 2876 596 2932 inde
616 2875 719 2934 stativa
738 2873 825 2939 fuere,
840 2891 875 2930 uc
888 2881 964 2928 retro
977 2871 1067 2932 etiem

158 2950 257 3012 consul
282 2949 370 3006 movit
392 2963 495 3014 castre,
519 2961 554 3006 ut
580 2961 737 3008 sementem
759 2949 897 3025 Campani
918 2950 1067 3011 lucerent:

157 3047 212 3090 nee
224 3040 292 3086 unte
305 3026 418 3086 violavit
432 3045 532 3102 agrum
547 3027 735 3102 Campanum,
757 3044 841 3102 quom
860 3028 920 3102 Jem
939 3027 1016 3086 ultse
1036 3029 1067 3088 in

158 3107 303 3184 segetibus
330 3104 437 3162 herbae
465 3105 603 3182 pabulum
627 3105 763 3181 praebere
784 3117 926 3180 poterunt.
946 3105 975 3162 id
996 3126 1065 3166 cou-

157 3185 282 3246 venitin
304 3182 463 3242 Claudiana
482 3196 578 3246 nestra
599 3201 683 3260 super
705 3183 885 3250 Suessulam
906 3183 1002 3261 ibique
1022 3184 1064 3240 hi·

157 3267 246 3324 beme
273 3262 441 3322 aedificavit.
489 3262 534 3319 M.
562 3261 684 3320 Claudio
714 3261 876 3338 proconsuli
899 3261 1063 3339 imperavit,

157 3353 200 3410 ut,
215 3352 326 3402 retento
341 3340 434 3404 Nolae
447 3339 607 3402 necessario
621 3340 658 3399 ed
679 3339 814 3398 tuendam
838 3341 938 3402 urbem
959 3339 1063 3416 praesi-

140 3424 145 3432 ”
157 3417 214 3486 dio,
235 3432 346 3480 ceteros
366 3419 470 3478 milites
493 3418 649 3479 dimitteret
672 3418 806 3485 Romam,
827 3438 864 3478 ne
883 3418 960 3480 oneri
980 3416 1063 3476 sociis

157 3499 329 3574 eusumptui
348 3498 521 3577 reipublicae
542 3509 647 3560 essent.
687 3495 727 3558 Et
741 3496 786 3556 Ti.
800 3496 958 3566 Grembus,
971 3491 1060 3554 ottu-
1088 3491 1090 3498 ’
