2406 3932
457 205 755 301 L‘t'aa'a'xil'nr.
998 235 1052 306 rsa

145 387 184 453 eli
205 385 288 474 quein
304 385 429 456 'imbrem
447 387 635 468 novemdiale,
657 403 690 472 ut
708 396 823 466 assolet,
845 381 957 454 sacrum
978 391 1053 456 lirit‘!

147 483 297 552 ceteraque
310 473 440 553 prodigia
454 493 520 532 cum
533 485 602 533 cura'
616 477 740 556 expiata.
777 539 779 544 ,
1046 487 1049 498 ’

148 561 165 592 ·'
185 551 311 624 axau.
352 553 519 612 Consanus
543 553 685 626 exercitus
702 552 777 609 inter
799 559 861 610 sese
885 549 1049 612 diviserunt:

144 624 234 706 Fabio
253 629 413 699 exercitus,¹
427 629 474 688 cui
494 629 540 686 M.
558 629 662 687 lunius
687 629 808 687 dictator
828 631 999 708 praefuerat,
1021 639 1051 690 ee

142 709 248 784 v'enit'3·
265 707 433 784 Sempronio
453 707 570 766 volones
594 707 641 783 qui
664 705 773 774 fierent,
797 705 826 765 et'
848 707 988 767 sociorum
1010 709 1050 767 vi:

141 785 213 860 giuti
227 785 353 862 quinque
365 785 468 853 millia;
489 783 535 842 M.
549 784 665 842 Valerio*
677 784 800 860 praetori
815 786 950 862 legiones,
972 806 1048 865 quae

106 879 107 882 ¹
143 873 185 918 ex‘
205 863 300 920 Sicilia
320 861 468 932 redissent,
489 863 646 922 decretae:
667 861 712 919 M.
736 861 873 920 Claudius
895 867 1047 939 proconsul

142 938 179 995 ad
194 954 260 997 eum
275 940 440 1010 exercitum,
455 940 502 1018 qui
525 952 611 1031 supra
637 940 802 1000 Suessulam
827 939 920 998 Nolae
942 941 1049 1018 praesi-¹

142 1015 233 1089 dact,
244 1019 360 1076 missua.
400 1019 549 1077 Praetores
563 1037 591 1076 rn
608 1018 731 1076 Siciliam
746 1031 790 1076 ac·
807 1015 965 1076 Sardiniam
985 1029 1050 1094 pro-²

141 1088 219 1154 tecti.
260 1097 402 1155 Consules
424 1097 583 1165 edixerunt,
608 1097 721 1175 quoties
744 1095 773 1152 in
796 1107 927 1154 senatum
951 1083 1050 1153 vocari

141 1173 272 1242 certanti
287 1185 441 1243 senatores,
463 1174 624 1253 quibusque
641 1175 671 1232 in
695 1173 916 1232 senatu'dicere
936 1186 1051 1248 senten-

140 1251 210 1308 tiam
224 1251 346 1322 liceret,
360 1253 398 1330 ad
421 1253 533 1330 portam
559 1252 705 1330 Capenam
729 1252 923 1311 convenirentr
964 1251 1050 1308 Prae*

139 1333 236 1406 teres,
252 1346 371 1406 quorum
394 1329 553 1408 jurisdictio
575 1341 646 1399 erat,
670 1330 823 1388 tribunalia
846 1328 884 1387 ad
904 1329 1049 1420 l'isciriatd

88 1471 90 1474 ,
139 1406 285 1482 publicam
306 1420 469 1485 posuerunt.
490 1427 525 1466 eo
549 1408 711 1466 vadimonia
731 1407 791 1465 lieri
809 1411 974 1484 jusserunt:
995 1406 1049 1465 ibi:

139 1492 197 1560 q‘u‘e
209 1499 247 1544 eo
259 1501 334 1543 anno
346 1489 393 1561 jus
406 1485 515 1542 dictum
531 1497 584 1542 est.
624 1484 743 1543 Interim
757 1485 975 1559 Karthaginem,
997 1495 1050 1542 ura-¹

139 1561 177 1619 de
192 1557 299 1638 Mago,
313 1557 406 1618 ¹frater
430 1561 612 1636 Hannibalis,
633 1559 785 1619 duodecim
804 1560 891 1619 millia
911 1561 1049 1638 pediturn}

138 1649 169 1695 et
182 1638 261 1697 mille
274 1639 445 1715 quingentos
458 1641 578 1717 equites,
592 1639 691 1716 viginti
706 1639 882 1716 elephantos,
904 1639 981 1697 mille
1003 1655 1049 1698 ar:

137 1715 217 1792 genti
231 1716 348 1785 talenta,
362 1709 391 1772 in
405 1717 517 1775 ltaliam
532 1713 748 1776 transmissuius
762 1729 831 1788 erat,
853 1735 919 1775 cum
943 1719 1049 1793 praesi-

138 1791 186 1850 dio
214 1795 365 1870 sexaginta
391 1795 507 1854 navium
532 1795 691 1872 longarum,
718 1796 840 1854 nuncius
867 1795 992 1864 affertur,
1020 1795 1050 1852 iu

139 1869 281 1946 Hispania
299 1877 361 1929 rem
381 1872 456 1930 male
478 1885 598 1948 gestam,
619 1891 776 1950 omnesque
793 1873 882 1930 ferme
902 1875 964 1950 ejus
1005 1883 1049 1930 roe

138 1943 250 2005 viriolae
261 1949 384 2025 'populos
396 1950 434 2006 ad
446 1949 596 2007 Romanos
613 1951 762 2009 defecisse.
804 1951 903 2019 Erant,
919 1950 966 2028 qui
1018 1957 1050 2008 a·'

137 2041 244 2100 gonem
259 2043 324 2083 cum
339 2026 430 2084 classe
443 2043 478 2083 ea
491 2026 645 2104 copiisque,
659 2029 765 2086 omissa
779 2029 871 2097 ltalia,
887 2029 915 2086 in
937 2027 1049 2105 Hispa-⁸

134 2103 214 2160 niam
229 2112 414 2170 averterentr
425 2123 512 2180 quum
529 2103 675 2161 Sardiniae
695 2104 875 2180 recipiendae
896 2108 1049 2183 repentina

138 2197 204 2258 apes
225 2177 360 2240 adfulsit:
385 2181 509 2258 Parvum
532 2181 572 2240 ibi
596 2180 754 2240 exercitum
777 2180 1045 2258 Romanum'essei

137 2255 262 2317 veterem
276 2269 437 2340 praetorem
451 2257 527 2328 inde,
553 2264 587 2319 A.
609 2257 783 2329 Cornelium,
807 2259 971 2337 provinciae
994 2269 1049 2338 pe-'

137 2336 232 2405 ritum,
246 2337 396 2406 decedere,
417 2354 522 2395 novum
546 2337 716 2416 exspectari.
735 2338 772 2396 ad
793 2335 894 2414 hoel
908 2355 968 2396 ssos
986 2331 1052 2402 ''ar'ri
1086 2395 1090 2407 ,
1148 2345 1151 2354 “

137 2413 248 2472 animos
263 2413 416 2472 Sardorum
430 2434 493 2473 esse
507 2413 693 2473 diuturnitate
714 2415 822 2494 imperii
835 2359 1052 2494 girggffilff
1066 2414 1083 2434 ‘

137 2488 171 2548 lis'
184 2509 259 2549 anno
273 2494 383 2550 acerbe
391 2502 478 2570 utque
486 2509 575 2569 ‘uvare
588 2493 768 2570 imperatum.
788 2491 866 2567 graii
887 2479 996 2549 tributo
1016 2435 1062 2548 εἷ’

108 2639 110 2644 Ι
137 2569 291 2628 cubatione
316 2569 574 2648 iniqudufrumenti
598 2587 720 2648 pressos.
741 2569 810 2626 nibil
834 2569 936 2625 deesse
958 2567 1048 2650 aliud,¹

136 2655 223 2723 quarn
244 2657 400 2716 auctorem,
421 2647 458 2704 ad
480 2663 564 2723 quem
582 2645 748 2704 delicerent.
788 2645 1047 2722 Haecclandestb

136 2739 175 2784 aa
188 2723 293 2803 legatio
307 2743 359 2802 per
380 2723 523 2804 principes
542 2723 629 2790 miaaa
651 2719 730 2791 erat3
750 2723 874 2782 maxime
897 2739 965 2802 eam,
984 2735 1049 2784 ren'r

135 2799 272 2861 mdliente
284 2801 486 2881 Hampsicora,
502 2802 549 2884 qui
565 2813 626 2860 tum
640 2801 811 2860 auctoritate
834 2799 920 2880 atq'ue
940 2803 1050 2881 opibus<

135 2880 222 2957 longe
234 2882 341 2958 primus
355 2891 425 2940 erat.
465 2879 526 2938 His·
536 2880 648 2938 nunciis
661 2897 750 2958 prope
763 2898 821 2938 uno
841 2892 970 2958 tempore
984 2877 1046 2940 tura

135 2959 368 3038 buti-erectique,
390 2959 546 3036 Magonem
568 2975 635 3018 eum
659 2957 749 3016 classe
774 2975 825 3016 sua
846 2959 992 3036 copiisque
1012 2949 1062 3014 iuf‘

136 3033 311 3111 Hispaniam
333 3035 460 3096 mittunt.
486 3038 514 3093 in
541 3034 700 3096 Sardiniam
728 3035 941 3098 Hasdrubalem
973 3032 1049 3092 deli-²

134 3118 208 3190 gunt
221 3113 349 3172 ducetur
365 3127 394 3173 ct
408 3125 521 3171 tantum
533 3103 623 3172 feime
637 3112 793 3190 copiarum,
814 3129 953 3192 quantum
975 3113 1049 3172 Ma·l

135 3188 395 3266 gonirdece'inunt.
436 3187 756 3327 El'fflmffeffllge!
777 3192 928 3288 culparetis
945 3181 1050 3253 rebuaf

135 3266 253 3346 quaein
267 3270 338 3328 urbe
351 3267 480 3344 agendae
494 3281 583 3336 erant,
595 3285 659 3325 mor
766 3267 829 3346 Jam'
850 3284 913 3326 sese
931 3267 968 3323 ad
982 3263 1044 3342 bel·

134 3343 208 3403 lum.
246 3343 290 3402 Ti.
305 3343 490 3422 Sempronius
501 3346 640 3404 militibus
655 3343 819 3406 Sinuessam
833 3344 909 3402 ilieru
922 3341 959 3398 ad
969 3349 1050 3398 'cen-t

134 3422 307 3482 amandum
326 3423 436 3490 edixit3
456 3433 486 3482 et
500 3423 539 3492 Q.
552 3423 814 3494 Fabiuscunsulto
833 3421 919 3499 prius*
931 3429 1048 3489 senatur

135 3501 322 3564 uuffumentr
334 3497 581 3581 orauereusgris,
602 3493 964 3562 aute‘Kalendar-'Junias
984 3497 1049 3574 pri-³
