2386 3930
401 263 556 309 uouunaa
576 265 612 308 ia
633 265 760 310 nissum
780 264 858 308 xxii.
1029 251 1086 308 291

173 403 281 476 mistas,
309 404 382 464 Aut·
410 405 576 466 Perizonius
605 407 737 487 iry‘ortnr,
767 402 928 466 Coetierius
955 402 1089 472 innectus,

175 483 357 543 Burmannus
371 484 401 544 ἐκ
423 494 506 546 estun
541 499 543 506 '

214 565 261 621 58.
281 563 390 622 XLIX.
400 507 424 622 ἱ
436 569 485 624 dh
505 565 671 624 Eranusa
680 585 772 646 propo
786 563 889 624 oinium
898 560 1090 640 sociorumque

169 661 251 720 paro.
267 685 274 700 .
292 641 338 698 Ita
356 641 429 711 libri,
450 652 512 701 tum
533 643 639 720 scripti,
654 657 718 702 tum
737 644 814 702 editi.
835 642 854 700 i.
868 660 893 700 e.
915 660 1004 719 aequa
1025 657 1090 716 pro·

174 738 212 795 pe
232 719 338 776 civium
353 719 551 799 sociorumque
575 740 650 800 pars.
692 721 847 798 Utriusque
861 718 1014 778 locutionis
1029 717 1090 795 qui·

172 796 241 854 dem
255 798 357 856 eadem
371 809 416 858 est
434 801 526 860 ratio:
558 819 652 877 neque
665 800 702 858 de
716 800 815 878 prioris
829 798 987 856 Latinitate
1007 796 1090 854 dubi-

78 933 84 938 .
175 885 238 933 tare
250 877 398 936 debebant
412 877 535 939 editores
549 879 716 938 doctissimi.
756 875 815 936 Sed
836 875 873 934 de
893 875 937 934 his
951 873 1018 933 aiibi
1033 875 1092 952 egi·

174 971 247 1014 mus.
280 957 359 1014 'Vz'rt
374 958 445 1016 Not.
457 961 487 1016 5.
503 959 533 1017 in
548 957 615 1016 Lib.
631 958 659 1016 I.

214 1037 262 1094 59.
302 1033 339 1092 L.
358 1035 378 1092 l.
398 1037 426 1099 7.
468 1035 596 1095 Alterius
609 1034 754 1096 morientis
762 1053 854 1116 prope
867 1041 941 1092 totns
954 1031 1093 1090 exercituo

73 1162 75 1167 .
162 1111 241 1189 sirit.
281 1113 398 1173 Almost
422 1112 584 1174 the'whole
603 1133 684 1192 army
704 1131 763 1172 was
783 1113 817 1170 of
836 1111 886 1180 the
906 1109 995 1188 dying
1016 1111 1093 1168 Con·

111 1243 116 1246 .
174 1190 243 1247 sul’s
264 1203 358 1268 party.
384 1191 445 1249 ‘Ita
458 1193 568 1252 scilicet
588 1194 746 1251 orationem
760 1192 868 1250 variare
882 1188 980 1248 Livius
993 1187 1092 1248 voluit.

111 1301 117 1306 -
175 1267 226 1326 sic
248 1267 283 1326 L.
307 1269 422 1328 XXIIL
442 1275 490 1331 39.
531 1271 633 1340 Nolae,
657 1272 729 1330 siout
746 1271 846 1352 priore
870 1288 955 1336 anno,
978 1276 1091 1326 renotnr

169 1346 380 1416 Rornanorum,
397 1346 477 1428 plebs
493 1349 670 1410 Hannibalis
683 1358 754 1411 erat.
799 1345 930 1408 Consulis
948 1345 1093 1405 morientis·

173 1443 235 1483 este
254 1436 298 1484 est
319 1426 429 1486 oonsuli
450 1427 580 1486 morienti
600 1428 766 1496 adhaerere,
780 1427 836 1496 vel,
852 1438 884 1486 ut
898 1423 952 1484 cel.
965 1423 1090 1504 Lipsius,

174 1504 285 1563 consuli
298 1505 432 1563 morienti
446 1505 594 1560 commori.

117 1607 119 1614 ,
213 1586 262 1639 60.
304 1579 377 1637 lbid.
401 1578 430 1635 in
452 1580 519 1640 fine.
561 1580 646 1638 Haeo
666 1577 762 1663 'magis
789 1577 894 1660 impetn
921 1579 1090 1649 animorum,

175 1671 272 1737 ouon.
312 1657 359 1716 lta
371 1675 410 1716 ex
422 1656 501 1716 libris
515 1657 686 1736 quibusdam
700 1657 780 1716 dedit
794 1657 974 1726 Gronovius;
994 1670 1024 1719 et
1042 1677 1091 1716 ex-

161 1734 380 1816 ·plioat-qnod
393 1755 496 1816 nempe
509 1757 544 1796 en
561 1736 620 1798 illio
633 1736 779 1804 contritior
799 1736 879 1816 quod
898 1737 981 1794 nobis
1002 1735 1093 1794 duris,

174 1814 279 1873 simum
299 1814 420 1876 videtur.
462 1816 604 1875 Dedimus
628 1835 717 1896 quem,
743 1825 775 1873 ut
800 1814 916 1875 Crevier
934 1834 972 1873 ex
992 1814 1092 1874 codice

170 1891 324 1952 ⁴Victorino
338 1893 471 1964 restituit,
486 1906 516 1954 et
530 1897 630 1954 sensus
644 1895 717 1954 ratio
732 1893 867 1972 postulet.

213 1976 262 2031 61.
301 1970 354 2030 LI.
372 1971 393 2030 l.
413 1978 441 2032 8·
487 1973 526 2032 Ut
547 1989 617 2030 mat
638 1989 724 2036 enon
744 1972 882 2052 reliquam
897 1981 976 2041 esset,
990 1973 1092 2032 noctit-

172 2070 233 2129 qtre
242 2050 422 2128 insequentis,
437 2051 556 2130 quietem
568 2061 697 2110 sumeret.
726 2051 810 2118 Quod
821 2051 880 2110 diei
892 2051 1093 2130 resolvendum

176 2146 253 2188 ntus
273 2145 353 2200 ntur,
367 2145 455 2190 ouon
476 2147 546 2188 ntur
564 2129 703 2220 reliquam
717 2129 860 2188 erret-of
878 2130 942 2190 that
956 2129 1092 2208 (portion)

171 2206 210 2266 of
223 2205 274 2266 the
288 2206 354 2285 day,
369 2207 463 2266 which
484 2207 575 2284 might
590 2208 647 2268 still
667 2207 784 2274 remain,
799 2207 856 2266 and
868 2208 906 2265 of
920 2209 970 2268 the
983 2208 1092 2268 follow·

174 2285 336 2422 ingDnight.
376 2285 444 2345 Vid
464 2285 534 2346 Not.
554 2289 714 2366 liesupre.
754 2285 856 2344 Minus
879 2287 955 2346 bene
976 2286 1092 2348 Crevier

173 2373 206 2422 et
251 2364 361 2442 oering.
840 2421 842 2426 .

214 2445 281 2510 62„
310 2441 386 2501 lbid.
408 2441 429 2500 l.
451 2447 496 2502 18.
543 2443 686 2504 docebant
707 2450 749 2502 tot
770 2443 969 2502 Romanorum
988 2443 1088 2504 milti«.

158 2519 314 2597 'Ruddim
327 2520 416 2582 habet
426 2522 565 2602 jacebant
579 2539 682 2590 emm
701 2521 776 2580 enim
796 2521 834 2580 de
855 2541 917 2591 suo,
939 2533 969 2580 et
989 2521 1090 2582 contro

173 2598 255 2658 ibros
272 2617 383 2658 omnes.

128 2707 140 2724 x
169 2719 171 2722 -
211 2682 259 2738 63.
297 2677 375 2740 lbid.
388 2677 497 2738 infine.
540 2678 706 2740 substratus
720 2678 849 2738 Numida
863 2687 973 2738 mortno
986 2700 1084 2760 strper-

176 2755 422 2816 inendantinieno.
456 2757 612 2835 Perperam
622 2757 738 2816 omnino
749 2757 828 2816 huno
838 2757 933 2817 locum
945 2759 1091 2836 accepisse

175 2833 288 2894 videtur
301 2835 333 2893 F.
347 2835 386 2896 G.
401 2837 544 2914 Doering.
582 2847 600 2875 “
616 2837 683 2896 Non
697 2835 804 2906 vinno,”
818 2835 920 2913 inquit,
937 2844 999 2896 “ut
1013 2837 1088 2896 Dre-

91 2932 93 2941 ·
176 2922 195 2950 “
208 2912 401 2988 kenborchius
415 2927 445 2974 et
459 2915 506 2974 aiii
520 2927 633 2994 putant,
647 2915 781 2974 inventus
798 2929 842 2974 est
865 2914 1000 2990 Numida,
1019 2936 1088 2976 cum

176 3000 195 3028 “
208 2993 306 3050 statim
320 2995 635 3073 subjungatur-qaam
649 2993 826 3073 eapirdsset:
849 2994 909 3063 sed,
928 2994 991 3062 nisi,
1013 2995 1089 3071 quod

174 3076 196 3104 ‘¹
209 3068 279 3125 mihi
292 3067 413 3137 videtur,
427 3073 465 3129 ab
479 3073 573 3130 aliena
586 3081 673 3132 manu
687 3099 716 3131 eo
730 3073 811 3132 rinus
828 3071 941 3132 ¹iliatum
964 3083 1017 3140 est,
1039 3092 1090 3132 ex·

177 3153 196 3182 “
229 3145 374 3206 licendum
398 3147 477 3208 ‘erite
502 3149 677 3208 ‘Substratus
705 3149 834 3209 Numida
853 3149 1087 3226 superincubanti

176 3231 196 3261 ‘⁴
258 3243 344 3284 mano
358 3244 446 3302 quum
460 3225 556 3286 adhuc
569 3228 648 3287 vivus
662 3241 747 3290 esset.
789 3229 852 3290 Nec
872 3247 927 3304 ego
948 3249 1018 3287 noso
1038 3251 1089 3288 au·
1138 3271 1144 3274 -

94 3335 96 3344 ι
176 3311 196 3340 “
210 3301 342 3381 vittasque
354 3303 487 3364 tremotis
498 3305 538 3364 ad
552 3305 779 3378 Numidsn1‚sed
793 3305 830 3364 ad
845 3305 1017 3376 Romanum,
1032 3319 1088 3366 tra-

178 3388 197 3417 “
210 3379 259 3450 ho,
272 3400 359 3459 quem
374 3382 501 3442 Numida
515 3383 649 3447 dentibus
663 3385 787 3453 laniavit,
802 3385 933 3461 adeoque
953 3387 1023 3462 ejus,
1036 3404 1087 3444 nn·

175 3467 196 3544 ἦ(
210 3477 273 3518 sum
294 3479 433 3538 auresque
453 3463 613 3526 lacerarit.”
655 3466 713 3527 Sed
732 3465 818 3540 longe
838 3462 895 3520 alia
911 3463 1024 3522 videtur
1044 3483 1088 3522 es-

171 3555 207 3601 se
222 3537 295 3598 Livii
310 3540 469 3604 sententia:
490 3541 617 3628 Numida
631 3544 711 3604 vivus
725 3543 886 3603 substratus
899 3553 1014 3628 mortuo
1029 3543 1087 3602 Ro·
