2406 3932
172 225 230 292 res
325 211 327 216 '
523 225 559 286 r.
588 225 727 286 urvrr

172 386 308 445 educeret
321 403 380 454 eos,
393 394 480 462 atque
493 402 528 442 eo
541 383 589 442 die
607 399 723 450 manere
743 394 825 442 extra
843 379 915 442 fines
929 381 1079 444 Romanos
1163 421 1166 424 -

168 465 293 541 juberet.
332 462 408 528 Quia
420 463 504 520 nimis
517 477 634 539 compar
654 462 824 520 Latinorum
846 463 992 540 quondam
1012 482 1078 540 pos·

171 541 272 601 tulatio
286 552 355 620 erat,
371 539 542 618 Coeliusque
556 552 586 598 et
599 539 647 597 alii
660 539 699 609 id,
713 539 790 598 haud
803 540 864 598 sine
883 558 981 610 causa,
995 559 1078 618 prae

74 633 77 638 '
169 619 348 678 termiserant
362 619 522 696 scriptores,
575 636 644 677 nere
657 635 709 695 pro
722 628 800 676 certo
813 617 1004 676 sumseritus.

209 697 276 754 Vll.
316 697 444 754 Lucarr
468 696 506 754 ad
563 696 725 754 annibalem
746 707 893 765 venerunt,
915 683 1076 773 pacemque

169 793 233 851 cum
249 794 284 833 eo
298 773 510 832 conditionibus
521 773 668 832 fecerunt:
693 771 740 832 Ne
763 774 826 851 quis
845 775 997 851 imperator
1007 785 1078 830 ‘ma-

167 854 337 928 gistratusve
361 852 524 911 Poenorum
546 854 595 926 jus
616 851 706 910 ullum
729 851 758 908 iu
782 852 875 911 civem
899 852 1079 929 Campanum

168 930 298 1001 haberet,
313 949 384 989 neve
398 929 468 989 civis
481 931 646 1006 Campanus
659 927 764 988 invitus
785 929 929 998 militaret,
950 946 1077 999 mumur-

167 1027 202 1067 ve
214 1007 342 1067 faceret:
362 1019 395 1066 ut
415 1025 483 1068 suae
502 1008 590 1084 leges,
611 1007 654 1064 sui
675 1007 868 1086 magistratus,
893 1008 1012 1085 Capuae
1034 1023 1078 1065 es·

166 1098 250 1146 senta
273 1099 306 1146 ut
325 1096 469 1145 trecentos
489 1103 527 1144 es
550 1084 690 1142 Romanis
711 1085 830 1164 captivis
854 1085 970 1143 Poenus
992 1083 1076 1143 daret

167 1165 331 1242 Campanis,
359 1181 429 1241 quos
455 1163 509 1240 ipsi
534 1162 705 1238 elegissent3
731 1183 799 1224 cum
825 1162 928 1241 quibus
949 1161 1078 1239 equitum

168 1243 390 1320 Campanorum,
415 1240 506 1318 quiin
521 1239 617 1299 Sicilia
637 1242 780 1322 stipendia
799 1241 936 1309 facerent,
948 1257 1075 1317 permu-

167 1319 238 1376 tatio
251 1319 341 1376 fieret.
382 1319 467 1377 Haec
500 1329 584 1378 acta:
612 1317 661 1378 illa
684 1321 808 1398 insuper,
822 1337 909 1397 quem
922 1336 996 1396 quae
1009 1335 1078 1395 pac·

167 1408 197 1453 ta
217 1410 307 1464 erant,
328 1395 455 1454 facinora
477 1338 618 1474 dampani
641 1397 801 1457 ediderrmt.
824 1416 892 1455 nam
914 1395 1077 1472 praefectos

134 1479 141 1486 '
166 1473 277 1531 socium
297 1473 431 1551 civesque
451 1473 599 1533 Romanos
619 1475 698 1546 aiios,
718 1475 821 1568 partim
840 1474 937 1551 aliquo
960 1472 1080 1532 militiae

167 1571 286 1610 munere
310 1563 475 1630 occupatos,
503 1553 607 1632 partim
630 1554 746 1632 privatis
769 1551 891 1631 negotiis
913 1550 1076 1627 implicitos,

166 1631 249 1707 plebs
282 1641 401 1709 repente
434 1649 535 1691 omnes
561 1633 793 1709 comprehensos,
826 1630 905 1699 velut
930 1627 1079 1686 custodiae

167 1710 265 1777 causis,
283 1710 394 1768 balneis
417 1709 524 1768 includi
544 1709 647 1784 jussit;
671 1707 730 1784 ubi,
752 1710 863 1766 fervore
885 1718 973 1782 atque
996 1717 1078 1764 aestu

167 1787 263 1846 animi
284 1787 448 1854 interclusi,
471 1785 587 1841 foedum
610 1784 639 1838 in
661 1785 779 1840 modum
807 1783 992 1858 exspirarent.
1033 1782 1079 1840 Ea

167 1886 205 1923 nc
224 1866 333 1930 fierent,
354 1881 412 1919 neu
431 1859 536 1936 legatio
560 1856 722 1917 mitteretur
743 1859 781 1917 ad
801 1859 941 1927 Poenum,
965 1861 1079 1918 summit

168 1961 223 2018 ope
243 1939 353 1996 Decius
376 1936 502 2012 Magius,
527 1934 569 1992 vir
588 1934 635 1993 cui
655 1936 694 1994 ad
713 1953 854 1997 summam
874 1937 1077 1996 auctoritatem

167 2016 237 2074 nihil
263 2023 376 2092 praeter
399 2031 497 2071 sanam
525 2013 630 2072 civium
653 2029 780 2075 mentem
802 2015 902 2086 deluit,
926 2015 1079 2075 restiterat.

70 2099 77 2112 '
167 2105 200 2152 ut
213 2111 279 2150 rero
293 2091 464 2168 praesidium
485 2091 560 2151 mitti
583 2094 622 2150 ab
647 2095 813 2154 Hannibale
835 2094 952 2163 audivit,
975 2091 1078 2171 Pyrrhi

166 2170 320 2247 superbam
334 2169 568 2239 dominationem,
589 2171 837 2250 miserabilemque
858 2171 1079 2230 Tarentinorum

166 2247 343 2319 servitutem,
371 2249 504 2326 exempla
530 2247 664 2318 referens,
698 2251 799 2326 primo,
833 2267 870 2306 ne
903 2247 1080 2323 reciperetur

166 2327 348 2405 praesidium,
362 2327 458 2403 palam
472 2325 643 2384 vociferatus
656 2337 719 2384 est:
739 2325 852 2393 deinde,
877 2336 909 2383 ut
928 2333 1079 2402 receptum

166 2416 217 2463 aut
231 2403 390 2482 ejiceretur,
405 2413 464 2478 ¹aut,
483 2400 627 2460 simalum
640 2402 759 2472 facinus,
781 2403 858 2481 quod
880 2421 899 2460 a
921 2403 1079 2460 vetustissi-

165 2484 220 2542 mis
234 2481 323 2541 sociis
337 2481 612 2558 consanguineisque
632 2481 812 2551 defecissent,
835 2481 901 2540 sorti
920 2497 956 2538 sc
968 2497 1079 2538 memo·

166 2562 248 2621 rabili
275 2560 401 2620 facinore
427 2578 548 2637 purgare
581 2559 696 2629 vellent,
731 2571 763 2618 ut
789 2559 939 2619 interiecto
967 2557 1079 2616 Punico

166 2639 307 2716 praesidio
331 2639 513 2698 restituerent
533 2657 565 2698 sc
578 2637 726 2697 Romanis.
767 2639 851 2698 Haec
875 2636 1080 2715 (nequeenim

168 2717 283 2774 occulte
303 2719 474 2795 agebantur)
494 2735 582 2796 quum
602 2718 693 2776 relata
716 2715 873 2776 Hannibali
892 2727 998 2780 esseut,
1023 2715 1079 2791 pri·

168 2811 217 2849 mo
231 2793 317 2860 misit,
332 2796 380 2869 qui
394 2808 529 2853 vocarent
544 2795 676 2871 Magium
689 2796 727 2852 ad
739 2813 804 2853 sese
823 2795 852 2849 in
866 2803 979 2850 castrat
999 2792 1080 2849 dein·

169 2869 216 2939 de,
244 2887 332 2944 quum
356 2871 380 2925 is
403 2871 536 2927 ferociter
562 2874 695 2944 negasset
722 2871 889 2936 sciturum,
913 2871 980 2944 <nec
1001 2869 1079 2940 enirn

172 2944 330 3005 Hannibali
351 2947 398 3021 jus
419 2963 482 3004 esse
495 2946 525 3001 in
539 2945 630 3002 civem
645 2947 836 3034 Campanum)
850 2944 1012 3003 concitatus
1026 2946 1078 3020 iria,

171 3025 287 3084 Poenus
300 3021 505 3100 comprehendi
527 3021 682 3091 hominem,
703 3034 888 3100 vinctumque
910 3022 1017 3081 attrahi
1041 3024 1078 3083 ad

172 3123 213 3169 se,
231 3102 324 3180 jussit.
346 3100 585 3169 veritusdeinde,
606 3099 731 3178 nequid
755 3101 828 3160 inter
848 3101 905 3158 vim
927 3102 1077 3172 tumultus,

171 3193 258 3259 atque
280 3199 318 3239 ex
339 3179 529 3239 concitatione
553 3177 711 3237 animorum
732 3175 884 3238 inconsulti
907 3180 1078 3252 certaminis,

172 3261 301 3329 oriretur,
328 3259 398 3337 ipse,
425 3258 581 3337 praemisso
602 3258 707 3318 nuncio
728 3257 765 3316 ed
787 3257 913 3316 Marium
940 3258 1079 3329 Blosium,

172 3350 332 3416 praetorem
347 3337 536 3416 Campanum,
549 3346 665 3416 postero
685 3336 733 3395 die
750 3353 783 3395 se
802 3335 920 3428 Capuae
941 3336 1078 3404 futurum,

172 3418 360 3492 proficiscitur
380 3435 397 3476 e
420 3416 521 3476 castris
542 3433 608 3474 cum
631 3413 745 3476 modico
767 3416 918 3494 praesidio.
957 3412 1078 3482 Marius,

173 3497 313 3558 concione
332 3495 482 3572 advocati,
502 3494 598 3567 edicit,
621 3505 653 3554 ut
676 3495 840 3574 frequentes
861 3513 929 3556 cum
952 3491 1080 3568 conjugi·
