2406 3932
161 184 216 250 rso
511 168 710 242 ajnr-’rrr
744 200 748 213 ·
785 141 799 154 '

159 341 287 420 Captiuis
300 339 330 398 in
342 337 455 397 vincula
468 334 553 398 co'ndi
564 339 659 416 justis,
675 338 884 418 comitibusque
897 358 996 402 eorum
1009 343 1064 408 sub

158 419 241 479 hasta
254 417 386 488 venditis,
401 417 438 474 ad
458 435 544 474 naves
558 415 657 494 viginti
678 417 812 496 quinque,
834 419 938 498 quibus
951 421 985 478 P.
1007 421 1065 480 Vad

157 498 243 558 larius
257 497 378 556 Flaccus
399 494 560 571 praefectus
580 507 720 571 praeerat,
741 495 839 573 viginti
859 501 973 574 paratas
994 498 1067 558 alias·

156 577 324 636 decernunt.
375 573 431 642 His
463 573 636 649 comparatis
670 574 868 651 deductisque,
894 587 923 634 et
957 577 1063 657 qdditis

156 655 281 732 quinque
294 650 422 720 navibus,
444 669 518 727 quae
538 650 713 710 advexerant
732 652 860 729 captivos
873 653 990 730 legatos,
1013 655 1064 712 tri·

175 733 234 790 inta
247 747 335 789 naves
348 730 386 787 ab
401 727 485 786 Ostia
505 725 663 787 Tarentum
677 729 841 806 profectae3
860 733 1014 822 jussusque
1026 731 1061 790 P.

154 749 298 877 l'alerius,
320 807 457 865 militibus
471 806 664 876 Varronianis,
679 807 783 885 quibus
797 805 844 868 L,
867 812 1009 900 Apustius
1021 809 1062 870 le-

155 899 239 964 gatus
254 885 371 944 Tarenti
385 897 525 962 praeerat,
540 885 569 942 in
582 901 668 944 naves
688 885 838 963 impositis,
859 889 1063 966 quinquaginta

153 964 269 1024 narium
283 964 374 1022 classe
388 982 445 1020 non
466 962 539 1020 tueri
560 963 645 1020 modo
665 963 768 1022 ltaliae
787 982 876 1032 oram,
897 967 949 1024 sed
963 967 1063 1043 expio*

154 1063 217 1102 rare
230 1043 267 1110 de
281 1040 472 1100 Macedonico
494 1041 579 1099 bello.
600 1041 622 1098 si
643 1041 832 1118 congruentia
843 1042 933 1114 literis
952 1043 1062 1120 legato·-

153 1139 274 1199 rumque
287 1119 398 1177 indiciis
412 1117 536 1210 Philippi
550 1119 669 1178 consilia
688 1131 792 1187 essent,
807 1130 839 1178 ut
853 1120 898 1178 M.
913 1119 1061 1178 Valerium

171 1211 313 1258 raetorem
333 1197 421 1255 literis
449 1207 600 1256 certiorem
619 1197 747 1257 faceret:
768 1198 857 1276 isque,
877 1197 915 1256 L.
935 1197 1061 1276 Apustio

132 1220 248 1354 ,lltgato
268 1273 407 1333 exercitui
427 1275 598 1352 praeposito,
619 1275 775 1334 Tarentum
796 1276 834 1334 ad
855 1276 976 1335 classem
996 1295 1061 1354 pro-

150 1355 254 1421 iectus,
275 1351 366 1432 primo
390 1361 510 1430 quoque,
531 1353 659 1430 tempore
685 1353 714 1410 in
736 1353 941 1414 Macedoniam
970 1355 1061 1414 trans·
1093 1363 1104 1378 '
1194 1333 1195 1380 l

151 1432 294 1500 mitteret;
315 1429 454 1522 daretque
467 1449 592 1508 operam,
607 1443 640 1489 ut
660 1429 824 1508 Philippum
837 1430 866 1486 in
880 1451 969 1510 regno
990 1451 1062 1505 con·

151 1510 265 1568 tineret.
298 1509 432 1568 'Pecunia
450 1507 488 1566 ad
509 1508 629 1568 classem
650 1507 787 1568 tuendam
805 1507 970 1586 bellumque
991 1509 1060 1568 Ma-

149 1588 319 1658 cedonicum
334 1605 368 1646 ea
378 1587 505 1645 ·decreta
518 1600 571 1658 est,
612 1605 666 1645 uae
681 1590 739 1666 Ap.
754 1585 876 1647 Claudio
889 1586 918 1644 iu
934 1585 1061 1646 Siciliam

150 1667 243 1725 missa·
256 1675 327 1736 erat,
348 1675 380 1724 ut
399 1663 567 1724 redderetur
620 1665 708 1722 ieroni
728 1665 808 1738 regi:
830 1683 865 1720 ea
888 1683 941 1740 per
960 1663 996 1722 L.
1017 1667 1061 1723 A*-

129 1744 274 1823 ,pttstium
288 1745 420 1818 legatum'
436 1741 593 1798 Tarentum
614 1749 658 1796 est
677 1739 808 1796 devecta.
827 1739 911 1795 simul
925 1741 963 1798 ab
985 1741 1063 1799 Hie-

150 1842 220 1882 rone
233 1822 319 1878 missa
332 1819 457 1874 ducenta
476 1814 562 1871 millia
576 1813 703 1870 modium
717 1813 812 1885 tritici,
832 1825 862 1874 et
875 1815 975 1874 hordei
989 1837 1059 1878 cen·

147 1913 218 1962 tum.

155 1979 166 2014 l
185 1970 325 2032 XXXIX.
364 1969 445 2026 Duru
465 1965 540 2026 haec
567 1968 692 2028 Romani
719 1981 821 2049 parant
841 1985 1000 2052 aguntque,
1019 1973 1056 2032 ad

147 2052 310 2128 Philippum
330 2045 444 2126 captiva
464 2049 554 2116 navis,
575 2067 632 2106 una
647 2068 684 2107 ex
702 2049 746 2120 iis,
765 2067 839 2128 quae
854 2051 977 2112 Romam
992 2053 1058 2112 mis·

145 2149 195 2188 sae
214 2137 305 2195 erant,
326 2143 364 2184 ex
384 2144 470 2184 cursu
489 2125 617 2202 refugit3
636 2127 704 2186 inde
724 2126 837 2197 scitum,
858 2129 969 2208 legatos
990 2149 1056 2188 cum

144 2206 232 2266 llteris
252 2215 362 2282 captos.
382 2204 488 2282 itaque,
508 2203 680 2280 ignarus'de
700 2205 835 2282 iis,⁴quae
855 2225 921 2263 cum
943 2207 1058 2264 Hanni-

143 2285 210 2346 bale
223 2282 325 2360 legatis
339 2283 398 2340 suis
418 2285 625 2350 convenissent,
647 2301 777 2360 quaeque
790 2282 878 2358 legati
892 2285 953 2360 eJ'us
966 2283 1003 2342 ad
1024 2304 1057 2346 se

143 2363 255 2424 allaturi
263 2360 397 2428 luissent,
412 2358 586 2438 legationem
603 2357 690 2418 aliam
704 2375 769 2417 cum
784 2359 893 2419 eisdem
912 2359 1057 2421 mandatis

143 2442 241 2502 mittit.
278 2439 383 2516 Legati
400 2438 447 2497 ad
475 2438 672 2497 Hannibalem
697 2437 776 2497 missi
803 2439 978 2508 Heraclitus,
1007 2439 1054 2498 cui

145 2521 265 2581 Scotino
278 2535 438 2596 cognomen
459 2530 529 2588 erat,
543 2529 573 2576 et
587 2516 667 2576 Crito
688 2516 861 2589 Beroeaeus,
877 2529 906 2577 et
921 2516 1054 2578 ‘Sosithe
1131 2528 1134 2542 ¹

119 2589 129 2660 ζ
146 2608 181 2656 ris
196 2599 331 2674 Magnes.
371 2593 412 2654 Hi
426 2615 562 2676 prospere
575 2595 702 2656 tulemnt
715 2613 751 2654 ac
764 2599 923 2656 retulemnt
936 2595 1054 2658 manda·

141 2687 182 2733 ta.
196 2675 248 2732 sed
260 2675 339 2750 prius
353 2693 385 2734 se
405 2687 499 2739 aestas
519 2674 696 2754 circumegit,
711 2693 799 2758 qnam!
816 2693 931 2734 movere
944 2693 1053 2733 acmo·
1145 2727 1147 2730 .
1194 2701 1195 2738 t

142 2751 353 2828 liriquicquam
370 2773 421 2810 rex
441 2763 558 2830 posset:
578 2765 690 2812 tantum
711 2755 790 2814 navis
805 2771 862 2812 nna
881 2762 966 2883 capta
986 2771 1053 2810 cum

141 2829 248 2908 legatis
257 2829 395 2890 momenti
408 2829 477 2886 fecit
490 2831 527 2886 ad
540 2829 707 2891 dilationem
717 2827 892 2888 imminentis
941 2830 1053 2889 omanis

85 2927 86 2930 ¹
119 2905 219 2966 belli.
261 2903 300 2966 Et
313 2903 390 2960 circa
410 2903 549 2982 Capuam,
570 2916 747 2980 transgresso
769 2898 1053 2965 Vulturnum'Fabio
1130 2909 1133 2916 ’

72 3057 75 3062 Α
141 2981 334 3064 postexpiata
348 2978 464 3038 tandem
479 2981 617 3060 prodigia,
637 2981 724 3041 ambo
745 2981 876 3042 consules
889 2999 949 3040 rem
969 3001 1054 3062 gere-¹

55 3133 59 3140 Ὺ
141 3065 222 3123 bant.
262 3059 496 3137 Compulteriam,
523 3071 554 3120 et
573 3059 739 3130 Trebulam,
760 3071 789 3120 et
818 3059 983 3132 Saticulam,
1005 3083 1052 3120 ur·

41 3209 44 3218 ,
135 3123 202 3211 bes,
216 3139 289 3220 quae
302 3137 339 3198 ad
354 3137 484 3199 Poenum
506 3138 680 3210 deiecerant,
695 3138 801 3200 Fabius
813 3138 841 3197 vi
854 3139 949 3217 cepit;
969 3149 1061 3219 prae-¹¹

140 3219 270 3299 aidiaque*
295 3218 324 3275 in
345 3216 378 3276 iis
399 3216 572 3283 Hannibalis
593 3217 790 3300 Campanique
809 3217 942 3298 permulti
962 3219 1050 3298 capti.

139 3299 180 3358 Et
195 3297 297 3368 Nolae,
312 3295 385 3356 sicut
404 3295 498 3376 priore
510 3315 595 3368 anno,
610 3305 727 3357 senatus
746 3298 951 3366 Romanoium,
966 3295 1049 3374 plebs

139 3375 313 3436 Hannibalis
326 3386 405 3439 erat:
426 3375 602 3456 consiliaque
616 3377 730 3438 occulta
743 3378 780 3437 de
790 3376 879 3437 caede
889 3374 1048 3452 principum

140 3463 169 3507 fit
183 3456 344 3528 proditione
358 3455 435 3517 urbis
449 3455 603 3516 inibantur.
637 3455 757 3524 ‘Quibus
770 3476 808 3518 ne
820 3456 935 3532 incepta
946 3453 1053 3530 proce-'

556 3725 566 3758 Ι
