2386 3930
174 274 232 334 εει
328 281 415 346 gg
524 265 730 350 mmm

173 443 228 506 que
247 419 440 501 recipiendum
457 437 628 498 quenquam,
643 437 738 498 neque
756 418 947 479 mittendum
968 418 1082 500 et,'quo

171 502 309 562 intentius
326 499 471 560 custodiae
491 508 647 568 serventur,
668 509 828 576 opportuna
847 497 911 556 loca
924 498 1083 559 dividenda

170 577 321 718 praefectis
334 595 405 644 esse,
426 587 458 634 ut
472 593 542 634 arrae
556 575 675 653 quisque
699 577 788 652 partis
799 575 939 634 tutundae
952 595 1019 635 reus
1033 577 1084 636 sit.

201 675 281 716 mnes
299 653 407 712 assensi
426 663 494 711 sunt
513 653 643 730 partrhus
655 651 833 736 disidundise
853 652 905 731 ipsi
919 655 996 730 regio
1011 673 1082 713 eve·

170 734 213 793 nit
233 733 270 792 ab
295 730 442 792 Arethusa
465 729 545 789 stante
568 730 710 808 usquead
733 731 837 790 ostium
850 731 946 808 magni
965 733 1080 809 pontis.

168 811 198 870 id
220 808 380 868 nescirent
404 808 537 878 Romani,
561 807 640 883 fecit.
687 807 790 886 Itaque
813 809 972 867 Marcellus
991 821 1081 868 nocte

168 887 262 946 navim
276 886 436 946 onerariam
454 905 521 945 oum
541 886 658 944 armatis
676 887 805 946 remulco
823 886 1008 964 quadriremis
1021 898 1083 944 tra·

168 963 199 1022 hi
212 964 251 1023 sd
264 964 461 1024 Achradinam
477 964 572 1042 jussit,
587 961 747 1042 exponique
766 963 870 1023 milites
883 963 1000 1040 regione
1012 981 1081 1040 por-

167 1052 226 1113 tae,
251 1061 325 1122 quae
348 1059 436 1177 prope
458 1042 567 1101 fontem
591 1041 766 1101 Arethusam
791 1053 845 1100 est.
894 1041 964 1101 Hoc
990 1057 1082 1119 quum

168 1123 272 1200 quarta
291 1120 346 1198 vigi
358 1119 386 1179 it
404 1120 620 1187 factumesset,
641 1118 843 1197 expositosque
862 1117 967 1178 milites
987 1119 1081 1196 porta,

167 1207 202 1256 ut
215 1209 396 1266 convenerat,
409 1197 563 1276 recepisset
583 1195 733 1265 Mericus;
757 1197 822 1256 luce
841 1195 934 1274 prima
953 1194 1081 1254 Mareel-

166 1275 212 1332 los
232 1273 365 1331 omnibus
385 1273 473 1349 copiis
493 1273 608 1333 moenia
624 1273 806 1332 Achradinae
826 1273 1008 1351 aggreditur:
1038 1272 1081 1331 ita

166 1360 200 1408 ut
212 1367 270 1406 non
289 1367 340 1406 eos
359 1349 460 1415 solum,
475 1349 523 1423 qui
544 1349 741 1406 Achradinam
755 1351 904 1419 tenebant,
918 1351 947 1407 in
964 1369 995 1409 se
1008 1367 1080 1408 eon·

165 1435 298 1494 venenet,
312 1423 365 1483 sed
383 1423 421 1481 ab
441 1421 521 1481 Naso
539 1423 631 1482 etiarn
640 1424 754 1500 agmina
766 1437 941 1483 armatorum
956 1445 1080 1485 concur-

163 1511 270 1573 rerent,
283 1501 390 1562 relictis
409 1501 579 1561 stationibus
599 1499 666 1571 suis,
686 1499 723 1559 ad
736 1501 792 1558 vim
806 1512 835 1560 et
853 1500 994 1579 impetum
1015 1503 1080 1562 Ro·

165 1596 316 1640 manorum
336 1580 501 1638 arcendum.
541 1579 576 1636 In
597 1569 655 1638 hoe
667 1578 793 1638 tumultu
815 1579 963 1638 actuariae
977 1595 1080 1650 naves,

165 1658 323 1718 instructae
342 1660 404 1736 jam
426 1668 495 1716 ante
514 1657 789 1734 circumvectaeque,
803 1656 839 1714 ad
861 1655 970 1714 Nasum
985 1674 1080 1716 arma·

38 1726 43 1738 ’
167 1747 212 1796 tos
226 1747 393 1816 exponunt3
412 1735 469 1812 qui,
484 1735 636 1812 improviso
649 1733 741 1792 adorti
755 1733 925 1810 semiplenas
938 1733 1078 1793 stationes

166 1825 198 1876 ot
220 1812 371 1891 adapertas
391 1813 466 1870 foras
489 1811 674 1902 posteaqua
715 1809 782 1868 aulo
802 1822 870 1869 ante
893 1821 1078 1871 excurrerant

166 1890 277 1958 armati,
294 1888 372 1946 haud
391 1906 497 1964 magno
510 1898 667 1960 certamine
710 1905 791 1946 asum
805 1905 918 1966 cepere,
932 1889 1077 1948 desertam

164 1964 353 2055 trepidatione
375 1975 406 2023 et
424 1965 494 2054 fugi
513 1963 676 2024 custodum.
695 1984 790 2045 neque
802 1965 868 2024 ullis
880 1965 975 2025 minus
991 1981 1076 2101 prae·

165 2042 238 2112 sidri,
261 2051 312 2099 aut
334 2041 509 2119 pertinaciae
531 2042 573 2102 ad
596 2043 780 2114 manendum,
804 2061 890 2122 quam
913 2057 991 2103 trans
1003 2044 1077 2122 ogis,

162 2118 236 2178 fuitz
256 2117 332 2195 quia,
345 2137 384 2179 ne
397 2119 456 2179 suis
470 2119 585 2198 quidem
598 2121 830 2180 sotisoredentes
844 2141 884 2192 se,
905 2121 1000 2181 medio
1014 2139 1076 2180 cer-

127 2267 129 2274 ,
162 2194 269 2257 tamine
285 2195 456 2274 ellingerum.
496 2197 663 2268 Marcellus,
683 2208 717 2257 ut
740 2211 853 2276 captam
875 2215 939 2258 esse
964 2199 1078 2258 Nasum

161 2271 273 2344 didicit,
287 2285 318 2334 et
331 2274 516 2334 Achradinae
535 2274 680 2351 regionem
701 2290 787 2334 unam
800 2275 901 2346 teneri,
915 2275 1077 2335 Melicum·

162 2369 219 2430 que
232 2369 299 2410 cum
319 2351 460 2429 praesidio
479 2349 541 2410 suis
555 2351 733 2429 adjunctum,
752 2350 881 2430 receptui
895 2353 1017 2422 cecinit3
1036 2373 1077 2414 ne

162 2428 259 2508 regiae
281 2445 362 2508 opes,
383 2445 503 2510 quarum
525 2427 603 2488 fumo
624 2430 726 2506 major,
744 2445 831 2508 quam
852 2444 907 2505 res,
922 2431 1075 2504 eruedin-

162 2517 309 2587 petentur.

203 2583 317 2646 XXXI.
369 2583 551 2646 Suraansso'
572 2583 687 2664 impetu
701 2583 835 2656 militum,
854 2596 896 2648 et.
910 2583 952 2656 iis,
976 2583 1076 2661 quiin
1171 2573 1173 2654 J

163 2660 333 2722 Achradina
352 2673 443 2733 mant,
457 2659 610 2741 transfugis
630 2681 644 2722 s
664 2663 753 2723 atium
773 2663 910 2742 locusque
922 2663 1008 2740 fugae
1021 2661 1075 2735 da·
1171 2657 1172 2689 ³

162 2748 210 2802 tus
230 2751 299 2820 est3¹
323 2751 354 2800 et
378 2739 558 2818 Syracusani,
579 2751 629 2800 tan
650 2759 696 2802 em
715 2739 797 2800 liberi
817 2753 906 2810 metu,
927 2739 1073 2818 perusa.-
1170 2769 1171 2792 ι

160 2811 317 2872 chrodinae
336 2819 451 2894 apertis,
466 2830 592 2878 oratores
610 2819 649 2877 ad
669 2817 841 2878 Marcellum
852 2819 989 2886 mittunt,
1003 2815 1075 2876 nihil
1169 2825 1170 2846 ³

211 2900 292 2946 entes
312 2891 400 2960 aliud,
414 2909 500 2980 quam
521 2895 748 2953 incolumitatem
767 2895 821 2951 sibi
837 2893 991 2971 liherisque
1005 2893 1074 2954 suis.

197 2961 328 3036 arcellus,
352 2963 471 3025 consilio
493 2968 644 3036 advocato,
664 2980 697 3027 et
718 2967 853 3028 adhibitis
873 2969 960 3046 etiam
986 2971 1072 3050 Syrn-
1168 2965 1169 3004 ²

161 3041 283 3114 σιιιιιιιίι,
296 3042 353 3124 qui,
367 3061 419 3121 per
441 3043 596 3104 seditiones
648 3044 683 3104 lsi
705 3045 743 3104 ab
757 3034 854 3120 domo,
867 3049 942 3107 intra
964 3051 1071 3128 praesi-
1167 3089 1168 3110 2

160 3122 212 3182 dia
231 3121 363 3180 Romans
386 3134 476 3193 orarit,
499 3141 545 3182 res
565 3131 602 3182 ou
624 3119 664 3181 ‘te
711 3121 779 3184 Non
801 3127 885 3204 plura
905 3143 958 3205 per
979 3145 1072 3188 annos

162 3199 368 3334 quinquaginta
379 3199 533 3261 benefacta
579 3200 691 3274 ieronis,
707 3219 791 3280 quarn
805 3203 904 3281 paneis
923 3203 968 3262 his
988 3207 1070 3265 annis

159 3279 235 3337 male
255 3276 300 3335 cia
319 3293 429 3350 eorum,
448 3279 497 3357 qui
511 3279 668 3413 Spracusas
681 3282 832 3351 tenuerint,
845 3299 915 3360 erga
930 3281 1068 3362 populum

160 3347 326 3415 Romanum
346 3375 418 3417 esse.
437 3357 489 3416 sed
508 3375 644 3436 peraque
657 3375 766 3429 eorum,
781 3378 837 3438 quo
850 3360 1010 3429 debuerint,
1024 3379 1067 3420 re-
1164 3401 1165 3423 ι

160 3427 284 3501 cidisse3
312 3433 516 3514 foederumque
538 3447 688 3514 ruptorum
710 3436 720 3494 i
773 3456 792 3496 s.
810 3439 848 3497 ab
869 3457 902 3498 se
923 3437 1065 3516 graviores

159 3505 261 3580 multo,
275 3527 362 3586 qaam
381 3513 503 3594 populus
524 3511 674 3574 Romanus
685 3533 721 3573 vo
734 3513 814 3588 uerit,
834 3533 942 3594 poenas
954 3514 1065 3590 exegis-
