2386 3930
447 220 613 282 LIBER
642 221 737 282 XXV.
986 224 1042 282 231

139 385 180 443 et,
201 374 313 452 quando
326 373 386 435 ludi
399 375 467 436 facti
480 389 585 447 essent,
599 376 751 438 duodecim
770 373 858 433 millia
876 374 948 434 aeris
964 391 1044 451 prae-

140 451 195 508 tori
218 454 255 510 ad
276 471 337 512 rem
356 453 490 523 divinam,
513 466 543 514 et
562 456 634 514 duas
653 455 761 514 hostias
780 455 903 530 majores
925 451 1046 510 dandas.

141 529 273 588 Alterum
292 532 572 592 senatusconsultum
584 533 693 592 factum
713 543 766 600 est,
781 544 814 590 ut
827 529 979 590 decemviri
999 547 1043 586 sa·

36 640 41 648 =
136 623 188 672 cra
208 607 325 672 Graeco,
343 609 399 668 ritu
422 609 559 679 facerent,
579 609 668 686 iisque
689 609 808 670 hostiis:
833 607 958 686 Apollini
971 608 1045 666 boue

137 698 238 743 aurato
259 701 289 744 et
308 687 400 764 capris
413 687 527 746 duabus
546 685 620 744 albis
639 686 753 754 auratis,
768 685 898 746 Latonae
916 686 992 744 bove
1005 683 1048 742 fe·

138 761 217 820 mina
239 763 348 822 amata
399 764 500 824 Ludos
521 774 636 842 praetor
656 763 686 820 in
709 763 785 821 circo
810 763 936 822 maximo
957 779 1046 853 quum

136 837 265 898 facturus
288 851 374 908 esset,
393 841 492 911 edbrit,
507 854 540 902 ut
563 840 686 918 populus
708 858 760 916 per
773 857 823 898 eos
845 840 928 900 ludos
942 852 977 898 str
999 857 1046 908 sm

138 915 278 993 Apollini,
300 929 435 995 quantam
457 919 641 978 commodum
664 929 750 986 esset,
773 915 922 976 conferret.
994 933 1046 974 aec

137 1003 183 1052 est
203 995 282 1072 origo
301 995 433 1055 ludorum
453 996 671 1074 Apollinarium,
691 993 839 1064 victoriae,¹
859 1012 917 1051 non
937 993 1049 1052 valetu-

138 1069 222 1139 dinis,
241 1074 321 1150 ergd,
345 1086 377 1132 ut
400 1073 526 1152 plerique
549 1085 656 1145 rentur,
683 1082 815 1132 votorum
840 1069 1047 1147 factorumque.

137 1149 261 1226 populus
288 1163 440 1212 coronatus
466 1150 625 1229 spectavitr
655 1161 805 1210 matronae
831 1147 1048 1226 supplicavere:

139 1227 225 1302 vulgo
244 1229 351 1306 apertis
369 1227 464 1306 januis
487 1229 516 1286 in
534 1229 690 1306 propatulis
703 1227 811 1306 epulati
825 1239 902 1297 sunt,
920 1225 1046 1284 celeber·

138 1322 195 1380 que
208 1303 270 1364 dies
283 1305 361 1364 omni
374 1305 598 1366 ceremoniarum
610 1325 716 1384 genere
728 1305 791 1365 fuit

178 1379 263 1442 xm.
313 1377 415 1450 Quuul
440 1381 589 1447 Hannibal
615 1384 693 1444 circa
719 1383 887 1451 Tarentum,
915 1380 1074 1440 consules·

137 1459 224 1518 ambo
248 1460 278 1518 in
301 1460 417 1521 Samnio
437 1472 543 1529 essent,
558 1461 610 1518 sed
628 1461 840 1521 circumsessuri
861 1462 992 1534 Capuam
1006 1459 1046 1516 vi·

137 1537 291 1605 derectum
314 1540 392 1615 quod
411 1538 519 1596 malum
540 1535 691 1594 diuturnae
708 1536 864 1594 obsidionis
878 1553 940 1592 esse
964 1535 1046 1602 soler,

135 1617 197 1691 jam
219 1613 325 1672 famem
340 1613 479 1691 Campani
501 1612 673 1682 sentiebant,
688 1614 754 1688 quia
774 1622 932 1670 sementem
952 1609 1047 1670 facere

137 1690 345 1768 prohibuerant
367 1707 417 1752 eos
433 1690 557 1752 Romani
571 1689 721 1750 exercitus.
760 1690 863 1766 ltaque
881 1689 992 1765 legatos
1012 1689 1059 1754 ad,

140 1767 334 1828 Hannibalem
354 1769 502 1838 miserunt,
515 1779 639 1840 orantes,
659 1779 691 1827 ut
710 1767 798 1845 prius,
812 1783 898 1843 quam
919 1766 1050 1824 consules

138 1846 168 1904 in
188 1865 277 1924 agros
292 1865 358 1906 suos
378 1847 535 1906 educerent
553 1845 693 1924 legiones,
707 1846 826 1922 viaeque
841 1861 941 1902 omnes
961 1843 1050 1900 hosti·

139 1943 188 1980 um
215 1923 361 1999 praesidiis
386 1925 586 1994 insiderentur,
613 1924 788 1984 frumentum
820 1941 857 1981 ex
884 1919 1050 2000 propinquis

138 1999 210 2058 locis
236 2002 358 2061 convehi
381 2003 497 2080 iuberet
521 2003 660 2080 Capuam.
700 2001 848 2062 Hannibal
873 2001 1052 2060 Hannonem

140 2096 178 2137 ex
211 2077 317 2137 Brutiis
344 2097 410 2138 cum
437 2081 563 2139 exercitu
598 2079 628 2137 in
655 2080 841 2157 Campaniam
867 2079 997 2147 transire,
1022 2091 1051 2135 er

138 2155 210 2216 dare
222 2174 349 2234 operam,
370 2166 402 2216 ut
421 2155 557 2216 frumenti
577 2157 660 2236 copia
678 2153 760 2216 fieret
775 2157 937 2234 Campanis,
956 2156 1050 2234 J'ussit.

124 2233 258 2304 Hanno,
272 2254 310 2294 ex
333 2235 454 2295 Bruttiis
470 2235 615 2312 profectus
639 2255 705 2295 cum
725 2235 863 2305 exercitu,
878 2236 1050 2294 vitabundus

139 2311 234 2372 cast'ra
246 2313 373 2374 hostium
392 2314 591 2393 consulesque,
605 2315 653 2393 qui
674 2315 703 2374 in
726 2313 841 2374 Samnio
855 2322 945 2382 erant,
961 2332 1049 2390 quum

140 2389 307 2450 Benevento
326 2393 386 2470 jam
405 2393 654 2470 appropinquaret,
674 2391 729 2452 tria
748 2411 885 2470 passuum
904 2391 992 2448 millia
1013 2392 1050 2446 ab

139 2466 202 2543 ipsa
215 2469 287 2526 urbe
307 2466 372 2528 loco
385 2469 462 2528 edito
482 2481 578 2530 castra
596 2470 709 2548 posuit:
733 2470 800 2528 inde
820 2489 857 2528 ex
877 2469 962 2526 sociis
975 2467 1052 2524 circa

139 2545 261 2622 populis,
276 2564 332 2622 quo
352 2557 462 2606 aestate
482 2560 693 2626 comportatum
714 2559 784 2617 erat,
805 2546 907 2604 devehi
926 2545 1051 2604 frumeu-

139 2635 202 2680 tum
216 2622 245 2680 in
265 2635 359 2682 castra
382 2623 484 2700 jussit;
530 2625 658 2684 raesidiis
679 2624 761 2692 datis,
776 2642 850 2701 quae
873 2632 1050 2685 commeatus

139 2717 191 2758 eos
210 2712 458 2777 prosequerentur.
524 2719 630 2778 apuam
649 2701 717 2758 inde
736 2701 873 2758 nuncium
893 2699 977 2770 misit,
994 2704 1050 2778 qua

98 2795 103 2803 “
133 2777 230 2834 disin
244 2777 343 2836 castris
356 2777 394 2838 ad
413 2778 613 2856 accipiendum
625 2777 802 2836 frumentum
814 2790 928 2856 praesto
942 2794 1047 2847 essent,

139 2855 217 2914 omni
238 2856 365 2934 undique
390 2874 497 2933 genere
516 2855 712 2915 vehiculorum
735 2859 986 2937 jumentorumque
1012 2879 1049 2917 ex

139 2932 214 3009 agris
233 2945 391 2994 contracto.
428 2933 465 2993 Id
490 2953 543 3013 pro
567 2946 663 2994 cetera
676 2934 806 2994 socordia
819 2935 1049 3014 negligentiaque

139 3029 158 3068 a
183 3011 337 3087 Campanis
360 3023 465 3071 actum.
486 3013 573 3090 paulo
600 3013 665 3090 plus
688 3012 895 3090 quadringenta
918 3015 1048 3072 vehicula

71 3149 76 3162 ,
126 3085 234 3155 missa,
249 3100 279 3144 et
300 3107 393 3165 pauca
409 3100 556 3166 praeterea
577 3094 716 3168 jumenta.
729 3093 766 3150 ob
790 3093 820 3150 id
844 3090 989 3166 castigatis
1010 3091 1046 3148 ab

140 3163 295 3234 Hannone,
310 3165 444 3242 quodne
462 3165 552 3226 fames
565 3167 690 3245 quidem,
705 3187 779 3246 quae
797 3182 892 3228 mutas
908 3167 1048 3226 accende·

138 3251 184 3298 ret
205 3241 320 3312 bestias,
335 3261 432 3302 curam
453 3261 552 3302 eorum
571 3245 717 3304 stimulare
738 3259 845 3325 posset,
859 3245 915 3303 alia
936 3245 1048 3321 prodita

139 3317 201 3378 dies
227 3318 265 3375 ad
290 3319 465 3379 numentum
492 3324 599 3400 majore
624 3335 762 3402 apparatu
785 3323 951 3402 petendum.
1004 3321 1048 3378 Ea

52 3465 54 3472 Α
138 3395 244 3465 omnia,
264 3397 339 3458 sicut
357 3409 424 3458 acta
446 3411 535 3470 erant,
551 3418 638 3478 quum
662 3402 815 3460 enunciata
838 3399 1046 3458 Beneventanis

138 3484 245 3549 essent,
266 3473 376 3558 legatos
397 3475 498 3540 decem
522 3479 667 3557 extemplo
685 3479 723 3540 ad
745 3475 876 3540 consules
890 3475 977 3553 (eirca
991 3477 1047 3540 Bo·
