2406 3932
185 214 240 271 1³0
535 202 569 264 Τ.
597 205 738 265 LIVII

182 383 228 424 ras
241 363 312 440 ejus,
326 359 355 418 in
369 360 506 420 societate
520 361 652 420 Romana
672 369 739 420 'cum
759 361 815 420 lide
836 372 982 438 perstare:
1005 364 1086 442 plebs

182 449 376 510 novarumut
399 438 481 508 solet,
502 457 596 496 rerum
620 449 707 516 atque
731 439 902 498 Hannibalis
924 452 986 499 tota
1007 437 1085 501 esee:

181 530 347 594 metumque
357 535 489 592 agrorum
499 517 699 594 populationis,
722 529 752 576 et
772 516 907 595 patienda
929 518 959 574 in
982 519 1087 585 obsidi-

183 611 240 656 one
254 595 345 652 multa
367 595 463 669 gravia
483 594 665 672 indignaque,
687 613 846 672 proponere
868 595 972 652 animo.
994 615 1086 674 neque

183 684 315 732 auctores
329 671 497 730 defectionis
511 672 638 731 deerant.
678 673 789 750 ltaque,
814 673 864 730 ubi
885 685 1014 732 senatum
1027 693 1086 733 me-

182 765 243 810 tns
260 750 345 826 cepit,
379 749 403 806 si
428 748 576 826 propalam
603 749 762 819 tenderent,
795 750 888 808 resisti
914 751 1086 810 multitudini

184 829 345 888 concitatae
359 845 416 884 non
431 845 533 904 posse;
553 827 628 884 clam
651 828 811 886 simulando
835 827 999 886 dilationem
1022 829 1088 886 mali
1168 867 1179 910 ,l

184 907 340 966 inveniunt.
363 904 476 982 placere
490 904 565 962 enim
588 904 641 962 sibi
664 903 856 964 defectionem
879 905 917 962 ad
939 907 1087 965 Hanniba·
1177 906 1179 938 ¹

183 986 240 1042 lern
255 983 405 1042 simulant:
420 981 522 1060 quibus
536 993 632 1058 autem
652 982 864 1042 conditionibus
886 985 916 1039 in
938 983 1040 1044 foedus
1058 1002 1089 1041 a·

185 1062 378 1138 micitiamque
404 1075 507 1116 novam
533 1069 688 1130 transeant,
716 1079 817 1138 parum
843 1071 983 1119 constare.
1042 1062 1089 1119 lta

184 1141 277 1218 spatio
291 1148 414 1215 sumpto,
431 1136 549 1212 legatos
556 1155 677 1215 propere
690 1139 727 1196 ad
741 1149 900 1217 praetorem
915 1137 1088 1208 Romanum,

186 1217 357 1274 Marcellum
381 1213 542 1283 Claudium,
567 1217 615 1292 qui
640 1215 757 1283 Casilini
778 1219 994 1274 cumexercitu
1017 1229 1088 1286 erat,
1133 1203 1140 1304 l

183 1295 317 1361 mittunt,¹
333 1293 504 1368 docentque,
528 1305 636 1371 quanto
652 1294 692 1350 in
726 1293 887 1351 discrimine
912 1294 949 1352 sit
975 1293 1089 1353 Nolana
1137 1305 1145 1371 t
1177 1357 1185 1368 Α

183 1390 245 1437 res;
265 1389 364 1448 agrum
378 1369 552 1428 Hannibalis
572 1379 637 1429 esse
663 1381 693 1428 et
717 1370 887 1439 Poenorum,
912 1373 1012 1430 rebem
1039 1375 1088 1430 eri-

182 1448 291 1526 templo
313 1449 448 1516 futuram,
472 1448 507 1504 ni·
522 1448 713 1508 subveniatur.
727 1448 912 1507 concedendo
926 1449 1030 1526 plebei,
1045 1469 1089 1508 se·

183 1540 292 1596 natum,
309 1527 357 1585 ubi
371 1527 467 1594 velint,
492 1526 653 1586 defecturos
676 1546 716 1596 se,
730 1545 777 1585 ne
800 1525 922 1584 deficere
942 1526 1090 1602 praefesti-

184 1615 286 1666 narent
313 1605 453 1665 effecisse·
502 1603 670 1673 Marcellus,
695 1602 862 1664 collaudatis
887 1603 1014 1672 Nolanis,
1042 1605 1090 1662 eb·-

184 1683 251 1742 dem
266 1683 445 1743 simulatione
458 1682 569 1738 extrahi
582 1701 643 1738 rem
662 1683 693 1740 in
713 1701 795 1739 suum
816 1680 971 1739 adventurn
987 1683 1089 1757 jussit:

186 1761 299 1820 interim
313 1759 407 1824 celari,
427 1774 501 1832 quae
521 1775 620 1813 secum
646 1769 713 1816 acta
734 1769 840 1828 essent,
868 1777 1005 1834 spemque
1029 1779 1090 1816 om·
1160 1784 1161 1798 ¹

1144 1383 1185 1477 ll

1157 1502 1158 1511 ‘
1180 1487 1185 1602 l

1138 1730 1162 1781 s

183 1857 250 1896 nem
268 1835 364 1892 auxilii
386 1831 517 1889 Romani.
557 1833 662 1908 lpsea
685 1835 812 1893 Casilino
837 1835 976 1894 Calatiam
1001 1837 1090 1912 petits
1146 1820 1162 1874 s

183 1917 269 1989 atque
283 1911 358 1978 inde,
374 1909 516 1966 Vulturno
536 1911 613 1967 amni
634 1914 763 1990 trajecto,
787 1932 894 1992 perque
917 1931 1017 1989 agrum
1039 1911 1090 1971 Sa-

181 1989 339 2048 ticulannm
355 1985 609 2066 Trebulanumque
622 2007 707 2069 super
726 1992 891 2051 Suessulam
904 2011 956 2069 per
978 2003 1091 2050 montes
1150 2049 1152 2078 :
1184 2015 1185 2018 ¹

184 2066 288 2124 Nolam
302 2064 443 2142 pervenit.¹

223 2143 289 2200 XV.
330 2143 393 2202 Soa
409 2129 563 2202 adventum
577 2148 715 2222 praetoris
737 2146 869 2215 Romani,
892 2148 1007 2204 Poenus
1020 2163 1091 2222 agro

185 2221 300 2280 Nolano
314 2221 448 2288 excessit,
462 2234 492 2280 et
505 2222 542 2278 ad
555 2241 634 2280 mare
647 2225 775 2300 proxime
797 2223 947 2297 Neapolim
969 2222 1093 2295 desemi-

182 2300 235 2367 dit,
250 2300 371 2377 cupidus
384 2299 515 2356 maritimi
536 2299 632 2375 oppidi
651 2299 791 2375 potiundi,
815 2317 872 2375 quo
891 2317 993 2356 cursus
1012 2301 1093 2358 navi·
1184 2307 1185 2344 1

183 2381 239 2437 bus
252 2389 332 2437 tutus
346 2396 382 2434 ex
397 2377 496 2434 Africa
510 2387 594 2434 esset.
634 2377 784 2445 Ceterum,
800 2388 952 2454 postquam
975 2377 1093 2454 Neapo-

183 2457 265 2515 lima
285 2451 581 2533 praefectoRomano
601 2455 690 2513 teneri
711 2456 833 2532 accepit,
859 2455 914 2532 (M.
927 2455 1033 2514 Junius
1048 2455 1094 2514 si·
1163 2454 1169 2478 '

185 2537 353 2602 inmiserat,
368 2533 404 2590 ab
429 2532 497 2608 ipsis
519 2532 716 2610 Neapolitanis
739 2535 860 2611 accitus)
883 2532 1006 2610 Neapoli
1020 2553 1092 2611 qno-

184 2631 251 2688 que,
279 2612 353 2670 sicut
374 2609 458 2678 Nola,
486 2612 597 2681 omissa,
620 2611 693 2689 petit
721 2611 884 2670 Nuceriam.
910 2630 975 2670 enm
1002 2630 1093 2688 quum

185 2688 350 2762 aliquandiu
364 2685 604 2759 circumsedisset,
629 2709 714 2767 saepe
738 2691 774 2757 vi,
798 2709 884 2766 saepe
908 2689 1094 2748 sollicitandis

184 2763 374 2838 nequicquam
388 2785 464 2822 nunc
479 2767 563 2841 plebe
577 2787 654 2824 nnnc
673 2768 856 2842 principibus,
880 2765 955 2822 fame
974 2767 1095 2824 demum

156 2897 164 2906 ,
187 2841 216 2896 in
231 2839 405 2918 deditionem
426 2842 546 2914 accepit,
568 2855 669 2915 pactus
691 2854 723 2898 ut
746 2843 867 2900 inermes
889 2857 952 2897 cam
974 2842 1095 2918 singulis

186 2917 298 2975 abirent
324 2915 508 2972 vestimentis.
535 2915 648 2984 deinde,
676 2930 709 2974 ut
736 2917 784 2992 qni
807 2935 825 2974 a
850 2916 988 2994 principio
1015 2920 1095 2978 miris

185 2993 319 3066 omnibns
337 2991 451 3052 Italicis
465 3005 583 3070 praeter
609 2992 756 3052 Romanos
776 2995 871 3052 videri.
892 2995 987 3064 vellet,
1012 3015 1095 3075 prae·
1184 3049 1185 3070 ,

186 3074 244 3130 mia
256 3081 343 3148 atque
363 3071 496 3140 honores,
516 3072 571 3148 qni.
586 3083 774 3142 remanerent,
798 3091 833 3130 ac
853 3073 974 3132 nn'litare
994 3094 1096 3134 secum
1184 3075 1185 3128 ἶ

187 3151 351 3218 voluissent,
376 3149 531 3227 proposuit.
571 3149 635 3209 Nec
660 3152 696 3210 eri
722 3169 772 3228 spe
799 3170 970 3230 quemquam
992 3153 1095 3211 tenuit.

188 3227 289 3307 dilapsi
309 3246 417 3295 omnes,
439 3245 609 3304 quocunque
635 3227 757 3306 hospitia
780 3242 830 3287 aut
853 3229 988 3288 fortuitus
1005 3230 1096 3288 animi

188 3309 311 3386 impetus
340 3305 413 3374 tulit,
435 3325 492 3383 -per
517 3306 691 3384 Campaniae
718 3309 819 3375 urbes,
836 3307 960 3366 maxime
988 3306 1096 3364 Nolam

177 3385 407 3464 ‚Neapolimque
449 3387 544 3450 Quum
558 3385 647 3443 ferme
660 3386 777 3462 triginta
797 3398 952 3453 senatores,
971 3402 1004 3442 ac
1016 3383 1097 3444 forte

186 3462 294 3538 primus
309 3464 436 3543 quisque,
457 3465 587 3542 Capuam
607 3465 756 3541 petissent,
784 3463 986 3557 excquiiqde,
1013 3462 1096 3542 qnod

919 3586 952 3702 i·
