2386 3930
166 247 225 313 962
518 249 717 308 T.LIV11

164 416 184 455 t‘
204 406 298 464 animo
319 406 350 464 in
363 417 455 466 castra
478 405 603 463 hostiurn
616 401 787 483 irrumpatis,
802 421 857 482 quo
877 414 971 462 vestra
985 401 1074 462 tutati

164 494 183 524 ‘⁸
202 483 296 542 estis.’'
336 483 418 544 Laeti
438 495 467 542 et
480 483 596 542 audiere
615 485 653 542 ab
673 499 748 539 novo
766 482 838 540 duce
851 501 957 540 novum
978 477 1075 540 consi·

163 562 241 632 lium,
264 573 302 630 et,
324 581 380 640 quo
402 559 538 620 audacius
561 572 631 629 erat,
651 559 742 636 magis
765 560 905 637 placebat.
928 559 1075 636 reliquum

163 639 219 698 diei
233 640 417 718 expediendis
430 638 515 698 armis
536 650 566 697 et
588 639 734 697 curatione
747 655 899 714 corporum
918 655 1078 712 consump-

164 729 244 851 qum:
272 728 302 776 et
321 721 412 796 major
435 735 500 796 pars
521 717 613 776 noctis
628 715 714 794 quieti
734 715 802 772 data
815 725 868 774 est.
887 715 986 793 quarti
998 713 1077 790 vigi·

176 795 342 854 removere.
771 805 773 808 ’
988 821 990 837 =

202 871 344 930 XXXIX.
386 873 502 932 Ennnr
524 873 596 932 ultra
615 871 744 949 proxima
764 881 865 940 castra,
883 889 933 929 sex
954 869 1076 926 millium

162 950 311 1009 intervallo
325 951 473 1020 distantes,
493 952 566 1010 aliae
586 950 685 1027 copiae
704 949 877 1008 Poenorum.
918 948 1005 1006 Vallis
1026 965 1078 1004 ca·

163 1047 199 1086 va
218 1028 362 1098 intererat,
377 1030 522 1088 condensa
545 1027 702 1086 arboribus.
721 1027 751 1084 in
771 1027 857 1103 hujus
879 1026 965 1085 silvae
978 1023 1076 1083 medio

162 1105 253 1166 ferme
282 1107 374 1182 spatio
397 1107 500 1165 cohors
524 1105 656 1163 Romana
679 1114 740 1162 arte
764 1104 875 1163 Punice
898 1103 1022 1172 abditur,
1043 1111 1077 1161 et

163 1185 282 1318 equites.
330 1184 377 1241 Its
396 1184 491 1242 medio
517 1184 617 1240 itinere
643 1182 811 1259 intercepto,
840 1194 954 1242 ceterae
974 1178 1077 1257 copiae

163 1261 256 1320 sienti
285 1259 399 1332 agmine
426 1261 463 1318 ad
513 1260 638 1318 roximos
664 1260 762 1318 hostes
782 1259 897 1319 ductae.
924 1271 963 1329 ct,
984 1276 1077 1335 quum

162 1338 247 1394 statio
265 1337 342 1392 nulla
361 1353 413 1411 pro
432 1354 470 1410 po
498 1355 530 1402 rs,
556 1354 650 1410 neque
673 1335 703 1392 in
715 1336 791 1394 valio
805 1337 954 1395 custodiae
967 1345 1076 1405 essent,

161 1413 239 1470 velut
252 1412 280 1467 in
293 1429 346 1472 sua
366 1423 468 1480 castra,
488 1409 567 1467 nullo
587 1427 707 1486 usquam
721 1411 889 1481 obsistente,
904 1425 1076 1486 penetrave-

161 1509 202 1548 re.
241 1489 314 1548 Inde
334 1487 416 1566 signa
436 1498 552 1557 canunt,
566 1498 596 1546 et
609 1487 717 1546 tollitur
736 1486 851 1547 clamor.
892 1489 965 1562 Pars,
985 1490 1078 1546 semi.

162 1585 278 1627 somnos
297 1567 395 1626 hostes
409 1567 552 1626 caedunt:
573 1584 638 1643 pars
651 1565 732 1642 ignes
751 1564 833 1635 casis,
848 1575 1002 1623 stramento
1017 1567 1078 1624 ari-

163 1647 201 1704 do
215 1645 309 1714 tectis,
323 1644 470 1722 injiciunt:
492 1663 557 1722 pars
577 1654 674 1720 portas
693 1653 846 1722 occupant,
861 1654 893 1700 ut
911 1643 1011 1720 fugam
1030 1643 1076 1704 in·

163 1723 336 1784 tercludant.
384 1724 492 1781 Hostes
513 1722 596 1779 simul
617 1720 699 1796 ignis,
720 1720 836 1787 clamor,
860 1721 974 1786 caedes,
994 1721 1075 1780 velut

163 1802 303 1864 alienatos
327 1799 465 1867 sensibus,
480 1817 534 1856 nec
555 1797 654 1856 audire
673 1815 728 1854 nec
751 1796 900 1874 providere
921 1798 1074 1874 quicquam

163 1880 269 1938 sinunt.
285 1875 415 1934 incidunt
434 1877 555 1933 inermes
575 1875 650 1932 inter
670 1884 799 1932 catervas
812 1884 1004 1941 armatorum
1024 1875 1073 1932 alii

161 1967 249 2012 ruunt
270 1953 433 2042 adportas,
454 1951 654 2030 alii,obseptis
676 1951 835 2022 itineribus,
859 1971 892 2011 su
914 1971 944 2011 er
968 1951 1074 2010 vellum

162 2030 285 2089 saiiuntr
314 2042 353 2098 et,
367 2039 401 2087 ut
421 2030 540 2106 quisque
560 2041 698 2098 evaserat,
713 2030 842 2108 protinus
862 2048 880 2087 a
919 2042 1013 2088 cestra
1032 2030 1074 2087 sl·

163 2121 225 2168 tera
246 2106 379 2182 fugiunt;
408 2108 458 2166 ubi
480 2109 517 2166 ab
539 2108 659 2166 cohorte
681 2119 711 2165 et
732 2107 876 2186 equitibus
899 2125 936 2165 ex
959 2106 1074 2166 occulto

162 2185 397 2262 procurrentibus
418 2185 612 2253 circumventi,
636 2185 769 2262 caesique
791 2185 829 2242 ad
852 2203 950 2250 unum,
973 2203 1074 2244 omnes

162 2273 239 2320 suut.
258 2280 431 2339 quanquam,
451 2262 537 2320 etiam
558 2263 582 2320 si
602 2263 665 2338 quis
685 2281 721 2320 ex
745 2280 780 2319 ea
799 2262 888 2318 caede
917 2260 1074 2336 effugisset,

162 2339 236 2398 sdeo
259 2340 372 2417 raptim,
387 2339 478 2416 captis
502 2339 680 2416 propioribus
701 2337 808 2406 cestris,
822 2337 852 2394 in
871 2336 962 2394 altero
981 2349 1075 2397 trans·
1117 2401 1120 2410 ‚
1172 2337 1173 2340 ’

162 2436 278 2476 cursum
298 2429 393 2483 castra
413 2418 450 2478 ab
474 2417 612 2474 Romanis
632 2425 686 2483 est,
707 2425 748 2486 ut¹
762 2414 928 2492 praevenire
951 2416 1074 2482 nuncius

163 2495 253 2554 cledis
272 2515 330 2554 non
349 2506 455 2572 posset.
494 2493 540 2554 lbi
553 2512 630 2561 vero,
645 2512 701 2570 quo
722 2491 834 2570 longius
848 2494 885 2552 ab
906 2493 989 2550 hoste
1002 2494 1074 2551 abe-

163 2586 237 2642 rant,
258 2573 374 2650 etquis
396 2575 450 2632 sub
473 2572 568 2630 lucem
588 2572 766 2648 pabulatum,
780 2571 928 2648 lignatum,
942 2582 970 2628 et
991 2588 1074 2646 prae·

162 2651 274 2722 datum,
288 2651 402 2728 quidam
420 2651 523 2729 dilapsi
535 2649 658 2721 fuerant,
673 2649 806 2740 neglecta
819 2650 909 2726 magis
929 2649 1025 2708 omnia
1038 2667 1072 2708 ac

163 2728 257 2787 soluta
282 2729 439 2787 invenere:
474 2747 553 2788 armo
575 2739 688 2786 tantum
713 2748 743 2785 1n
771 2728 941 2786 stationibus
961 2725 1071 2802 posits:

163 2805 267 2862 milites
291 2806 423 2877 inermes,
437 2821 487 2866 aut
507 2807 589 2864 humi
608 2806 740 2864 sedentes
761 2807 1002 2880 accubantesque,
1023 2815 1072 2864 aut

161 2881 383 2940 obambulantes
396 2895 464 2940 ante
478 2883 582 2940 vellum
601 2895 763 2958 portasque.
804 2883 877 2939 Cum
892 2881 935 2937 his
950 2895 1009 2937 tam
1029 2901 1072 2940 se-

72 2971 83 2980 “·
162 2956 237 3017 curis
251 2955 407 3033 solutisque
428 2959 560 3025 Romani,
576 2959 702 3014 calentes
714 2957 810 3014 adhuc
828 2959 865 3015 ab
879 2958 987 3015 receuti
1002 2979 1073 3038 pug·
1167 3015 1172 3040 Ι

160 3053 210 3104 na,
233 3033 399 3110 ferocesque
422 3032 548 3102 victorii,
571 3033 710 3110 proelium
734 3034 843 3092 ineunt.
894 3034 997 3114 ltaque
1023 3057 1073 3095 ne·

164 3115 305 3192 quaquam
325 3111 416 3170 resisti
441 3111 470 3169 in
492 3111 581 3189 portis
601 3113 704 3189 potuit.
725 3115 798 3171 intro
812 3124 916 3191 portas,
931 3133 1071 3174 concursu

162 3209 202 3249 ex
214 3191 283 3248 totis
296 3189 395 3250 cestris
415 3190 452 3248 ad
465 3190 588 3267 primum
597 3191 755 3250 clamorem
769 3204 799 3249 et
812 3191 967 3268 tumultum
984 3191 1069 3262 facto,

161 3280 247 3327 atrox
273 3268 411 3344 proelium
434 3269 545 3327 oritur:
579 3269 686 3345 diuque
713 3269 859 3337 tenuisset,
890 3271 920 3327 ni
954 3281 1070 3328 cruenta

161 3357 247 3404 scuto
268 3346 465 3406 Romanorum
483 3346 544 3404 visa
563 3346 698 3416 indicium
720 3347 835 3406 alterius
848 3347 937 3406 cladis
958 3348 1069 3416 Poenis,

157 3433 251 3498 atque
273 3425 340 3483 inde
363 3444 505 3504 pavorem,
527 3424 700 3502 injecissent.
740 3423 799 3483 Hic
818 3436 908 3483 terror
931 3426 960 3482 iu
973 3425 1068 3500 fugam

166 3499 403 3566 destitutores:
424 3503 569 3583 effusique,
584 3504 640 3581 qua
660 3503 714 3563 iter
733 3515 786 3574 est,
801 3503 854 3562 nisi
877 3522 947 3582 quos
969 3501 1069 3564 caedes
