2534 4010
490 275 659 338 sluaa
685 275 783 337 xxu.
1042 283 1083 348 ω

184 433 323 496 “cirsai
339 433 465 494 aare&
484 433 555 493 tun
577 433 711 505 indens,
727 433 823 514 probe
835 429 946 490 buum
968 439 1082 496 otuu

186 523 206 553 “
218 524 311 583 nocte,
324 513 383 578 sive
395 512 473 580 luce,
494 511 518 568 si
536 531 644 583 sertus,
669 513 728 572 sire
740 512 814 571 liber
826 505 908 580 faxit,
921 511 1014 588 probe
1026 509 1085 572 fac·

184 595 205 630 '⁴‘
219 604 277 651 turn
287 602 358 650 esto.
371 591 396 650 si
409 588 543 648 anteidea
555 601 672 649 senatus
753 589 875 664 ulusque
896 589 1011 666 jusserit
1024 590 1085 650 lieri

177 679 203 716 «⁴⁴
215 689 250 730 ac
270 669 351 737 faxit,
373 685 410 726 eo
430 666 554 744 populus
574 609 790 738 salutanpliirer
809 663 897 723 esto.'’
934 666 1085 746 ,Ejusdem

182 749 221 807 rei
242 748 331 807 causi
342 743 513 820 ludi-magni
527 743 587 802 voti
605 744 677 802 aeris
700 743 836 804 trecentis
858 743 974 822 triginta
993 747 1085 808 tribus

181 826 316 893 millibus,
343 819 479 882 trecentis
504 819 622 899 triginta
652 821 752 890 tribus,
779 821 904 881 triente:
937 837 1085 901 praeterea

180 905 279 962 bubus
291 901 359 961 Jovi
371 899 515 971 trecentis,
539 899 638 958 multis
660 897 723 956 aliis
736 899 807 958 divis
820 899 915 959 bubus
938 901 1020 973 albis,
1040 917 1084 965 st·

171 999 240 1058 ,que
253 978 356 1038 ceteris
369 977 477 1038 hostiis.
526 978 610 1036 Votis
634 975 688 1036 rite
711 979 891 1054 nuncupatis,
915 980 1085 1058 supplicatio

183 1058 298 1116 edicta:
328 1055 574 1194 supplicatumaue
587 1055 646 1114 iere
666 1073 733 1114 cum
747 1055 917 1132 conjugibus
941 1075 976 1116 ac
988 1057 1085 1120 litteris

182 1155 241 1194 non
268 1135 378 1194 urbana
404 1135 518 1193 multitu
538 1144 702 1203 stantum,
733 1132 785 1192 sed
808 1132 964 1209 agrestium
990 1136 1085 1208 etism,

181 1231 255 1354 tt:
267 1211 599 1350 tristitiis
611 1209 1088 1368 ,till-“ttuttlltttffltttlt

253 1331 262 1348 ο
947 1330 956 1358 s

183 1369 250 1428 viris
263 1386 408 1427 sacrorum
433 1368 608 1426 curantibus.
628 1387 679 1426 sex
699 1365 857 1446 pulvinaria
877 1365 905 1423 in
930 1381 1087 1448 conspecta

183 1446 283 1505 fuere:
303 1446 370 1506 Jovi
382 1465 417 1505 ac
429 1445 538 1506 ,lunoni
552 1463 660 1514 unum;
692 1445 815 1504 alterum
830 1443 965 1522 Neptuno
979 1463 1015 1505 ac
1029 1447 1088 1506 Mi·

183 1542 305 1592 nervaet
326 1525 441 1584 tertium
456 1523 546 1582 Marti
559 1542 596 1583 ac
617 1523 740 1592 Venerit
760 1532 891 1600 quartum
905 1525 1034 1602 Apollini
1053 1543 1089 1586 ac

182 1601 314 1669 Dianaer
334 1603 464 1680 quintum
477 1602 611 1659 Vulcano
631 1619 666 1659 ac
679 1601 806 1668 Vestaet
837 1613 950 1659 sertum
971 1603 1089 1663 Mem·

183 1681 226 1738 rio
239 1698 275 1738 ac
289 1681 398 1737 Cereri.
438 1678 515 1735 Tum
529 1679 615 1736 aedes
634 1689 728 1736 votae.
768 1677 873 1737 Veneri
887 1678 1030 1758 Erycinae
1041 1685 1090 1742 ire·

184 1757 251 1814 dem
259 1759 301 1822 Q,
315 1755 421 1814 Fabius
434 1755 584 1815 Maximae
596 1756 721 1815 dictatur
738 1756 833 1822 vosit;
866 1758 933 1833 quia
945 1758 985 1816 ita
998 1777 1035 1816 ex
1047 1761 1090 1819 la·

184 1834 290 1893 talibus
304 1833 383 1892 libris
397 1833 505 1892 editum
521 1846 592 1902 erat,
617 1845 650 1892 ut
662 1834 686 1891 is
700 1845 823 1904 voveret,
838 1837 921 1912 cujus
935 1836 1090 1896 maximum

182 1912 334 1990 imperium
356 1911 515 1971 incivitate
538 1922 624 1970 esset.
663 1909 760 1970 Menti
774 1912 877 1971 aedem
900 1911 936 1969 Τ.
951 1911 1091 1974 Otacilim

183 2002 298 2068 praetor
309 1990 395 2049 vovit.
812 1993 814 2000 '

225 2067 279 2124 XI.
298 2068 359 2124 Ins
382 2069 468 2126 rebus
492 2066 593 2125 divinis
615 2067 747 2144 peractis,
768 2079 831 2127 turn
854 2068 891 2127 de
911 2068 990 2128 bello
1003 2087 1092 2148 reque

186 2144 224 2204 de
246 2144 363 2223 publica
383 2144 507 2203 dictator
528 2143 634 2212 retulit,
667 2146 770 2221 qulbus
796 2160 900 2280 protae
930 2147 1092 2224 legionibus

185 2222 286 2282 victori
313 2220 390 2287 hosti
415 2221 528 2280 obviarn
555 2221 682 2281 eundum
709 2239 773 2281 esse

186 2301 362 2370 Decretum?
370 2310 402 2359 ut
414 2302 453 2360 ab
479 2301 534 2360 (lu.
558 2299 676 2358 Servilio
700 2301 818 2360 consule
841 2301 998 2360 exercitum
1015 2305 1090 2362 acci·

182 2390 285 2456 peret:
318 2379 457 2439 scriberet
480 2390 629 2460 praeterea
651 2377 812 2438 excivibus
832 2379 982 2457 sociisque,
1003 2399 1092 2458 quan·

186 2468 248 2514 tum
261 2457 389 2534 equitum
403 2475 438 2516 ac
451 2457 580 2536 pediturn
593 2456 755 2516 videretur:
789 2470 886 2517 cetera
907 2459 1005 2516 omnia
1024 2477 1091 2536 ogs*

186 2545 231 2592 ret
243 2533 416 2612 faceretque,
430 2547 463 2594 ut
476 2555 493 2593 e
506 2534 654 2612 republica
667 2535 795 2598 duceret.
849 2535 955 2594 Fabius
969 2537 1042 2594 duas
1062 2555 1093 2594 se

185 2611 314 2689 legiones
340 2613 519 2690 adiecturum
546 2613 584 2672 ad
613 2612 799 2690 Servilianum
826 2613 985 2672 exercitum
1012 2611 1094 2672 dixit.
1147 2623 1150 2628 ’

185 2689 240 2758 bis,
263 2709 316 2766 per
341 2690 508 2764 magistrum
531 2689 659 2767 equitum
686 2689 807 2767 scriptis,
835 2689 928 2746 Tibur
953 2687 1028 2746 diem
1055 2691 1093 2748 ad

186 2765 414 2825 conveniendum
436 2767 534 2824 edixit.
564 2767 717 2844 edictoque
739 2765 895 2843 proposito,
927 2778 967 2834 ut,
988 2767 1091 2845 quibus

821 2233 899 2282 atres
932 2241 1091 2286 censerent.

50 2874 51 2901 t
153 2845 157 2852 “
185 2843 294 2935 oppida
316 2843 490 2922 castellaque
516 2843 667 2902 immunita
693 2853 798 2912 essent,
823 2842 864 2902 uti
887 2843 916 2901 in
943 2846 1006 2904 luca
1028 2858 1092 2908 tuta

185 2933 425 2999 commigrarent3
445 2941 482 2994 ex
495 2922 571 2999 agris
585 2941 697 3000 quoque
717 2921 909 2999 demigrarent
929 2943 1028 2984 omnes
1047 2947 1092 2988 re·

184 3000 277 3076 gionis
291 3003 362 3078 ejus,
378 3002 435 3078 quai
455 3001 546 3059 iturus
567 2999 715 3058 Hannibal
737 3012 823 3070 essct,
844 3002 929 3060 tectis
951 3003 1030 3080 prius
1048 3007 1091 3064 in.

184 3079 278 3137 censis
299 3098 336 3138 ac
354 3077 485 3156 frugibus
508 3078 657 3157 corruptis,
677 3098 715 3136 ne
737 3080 882 3156 cujusrei
903 3083 986 3158 copia
1000 3095 1092 3150 essese
1117 3085 1118 3092 ’

185 3157 258 3232 ipse,
281 3157 327 3215 riti
349 3156 488 3216 Flaminiis
509 3156 655 3234 profectus
670 3157 784 3214 obviam
808 3159 917 3216 consuli
939 3160 1093 3220 exercitui·

186 3252 252 3310 que,
275 3253 363 3314 quum
387 3233 425 3292 ad
448 3233 575 3292 Tiberim
602 3235 679 3292 circs
706 3232 873 3292 Ocriculum
899 3237 1093 3314 prospexisset

186 3328 301 3388 agmen,
314 3312 518 3388 consulemque
541 3329 609 3369 cum
621 3311 765 3390 equitibus
784 3313 821 3372 ad
841 3331 873 3371 se
893 3313 1094 3390 prodeuntem,

185 3389 325 3447 viatorem
337 3389 424 3457 misit,
438 3389 486 3466 qui
500 3389 611 3447 corrsuli
635 3389 792 3459 nunciaret,
814 3404 847 3449 ut
860 3391 922 3446 sine
945 3389 1094 3448 lictoribus

178 3467 223 3529 ad
236 3466 406 3526 dictatorem
420 3467 539 3526 veniret.
579 3467 637 3532 Qui
660 3487 748 3546 quum
762 3469 840 3527 dicto
854 3463 1005 3540 paruisset,
1025 3479 1094 3525 ecn-

148 3604 154 3614 ,
184 3563 359 3626 gressusque
386 3563 484 3605 eorum
510 3544 657 3622 ingentem
683 3545 809 3622 speciem
829 3541 989 3620 dictaturas
1018 3545 1096 3618 apud
