2406 3932
149 217 207 276 ras
498 208 534 292 fr.
562 203 722 292 aruit

146 389 187 436 re,
211 366 368 429 intersectis
388 379 481 444 nocte¹
497 369 656 448 oppidanis,
677 378 789 448 partem
809 369 896 440 urbis,
918 387 993 450 quae
1013 369 1057 430 cis

147 441 321 506 Vulturnum
345 458 398 516 est,
420 445 474 524 'leo
494 446 569 506 enim
590 445 725 504 dividitur
754 447 841 525 amni)
864 466 1057 526 occupavere-

145 524 232 601 idque
246 524 418 600 praesidium
439 521 555 584 Casilini
569 521 727 584 ,habebant
751 523 883 585 Romani.
924 526 1066 600 Additur¹

145 615 176 660 et
203 601 341 660 Perusina
367 601 479 670 cohors,
510 602 640 660 homines
669 601 867 680 quadringenti
893 605 1073 682 sexaginta,

144 679 248 754 eodem
268 679 384 749 nuncio,
411 697 469 757 quo
490 677 668 738 Praenestini
687 699 794 758 paucos
814 694 882 740 ante
902 681 972 750 dies,
995 681 1055 742 Ca·

144 755 258 816 silinum
272 756 422 834 compulsi.
443 767 473 816 et
487 758 556 814 satis
568 755 659 816 ferme
678 770 851 818 armatorum
866 759 903 816 ad
918 773 977 818 tam
991 758 1053 818 exi·

82 857 84 864 ’
142 851 201 911 gua
214 835 336 904 moenia,
351 846 381 892 et
393 834 511 892 flumine
524 833 614 894 altera
632 845 714 912 parte
727 836 832 908 cincta,
854 836 961 896 tuenda
981 837 1062 896 erat·¹

141 912 261 1048 pffinmia
273 911 417 982 frumenti,
439 911 558 970 nimium
571 912 658 970 etiam
683 923 715 970 ut
727 913 872 974 videretur
891 915 1052 984 hominum,

140 1010 157 1050 e
187 990 291 1050 ciebat
330 998 333 1005 '
918 1031 922 1036 -

181 1067 295 1126 XVllI.
325 1068 518 1136 Hartman,
569 1087 637 1126 uum
664 1070 724 1146 J’am
753 1067 822 1128 inde
850 1066 929 1128 haud
949 1069 1050 1146 procul
1092 1109 1097 1116 -

141 1159 227 1214 esset,
240 1145 380 1206 Gaetulos
400 1164 466 1204 cnm
479 1087 635 1222 praeliecto,
656 1146 772 1206 nomine
792 1147 893 1217 Isalca,
913 1147 1049 1237 praemit·

140 1226 195 1286 titt
215 1243 251 1282 ac
264 1222 364 1300 primo,
376 1224 402 1281 si
415 1222 466 1280 fiat
479 1223 613 1318 colloquii
633 1225 725 1303 copia,
746 1225 840 1284 verbis
858 1226 990 1303 banrgnis
1009 1226 1049 1284 sd

139 1313 238 1378 portas
255 1300 432 1377 aperiendas,
451 1299 681 1380 praesidiumque
699 1301 909 1380 accipiendum,
929 1302 1050 1381 perlice-

139 1399 171 1438 re
181 1379 284 1455 jubet;
312 1378 336 1436 si
348 1378 377 1436 in
391 1379 548 1454 pertinacia
561 1392 697 1457 perstent,
718 1398 779 1438 rem
799 1400 909 1457 gerere,
930 1400 968 1440 ac
986 1393 1048 1442 ten·

95 1493 99 1501 ,
139 1468 210 1526 tare,
231 1455 255 1513 si
269 1456 325 1532 quai
338 1468 420 1533 parte
434 1455 568 1516 invadere
581 1459 682 1516 urbem
695 1455 794 1534 possit.
845 1456 904 1516 Ubi
918 1458 1048 1518 admoe-

138 1535 187 1592 nia
199 1549 356 1604 accessere,
371 1533 437 1612 quia
450 1533 595 1594 silentium
608 1546 679 1606 erat,
695 1533 827 1612 ¹solitudo
850 1533 925 1604 visa3
953 1549 1047 1594 metu·

139 1633 195 1692 quo
208 1631 388 1682 concessum,
402 1612 550 1684 barbarus,
559 1626 647 1682 ratus,
659 1612 750 1677 moliri
763 1624 869 1690 portas,
880 1623 911 1672 et
923 1614 1048 1672 claustra

137 1690 302 1767 refringere,
329 1701 422 1768 parat.
442 1709 541 1766 quum,
569 1688 721 1778 patefactis
740 1702 860 1765 repente
878 1691 977 1765 portis,
998 1709 1047 1750 co·

137 1769 236 1830 hortas
249 1767 334 1838 duae,
348 1769 384 1826 ad
408 1766 439 1824 id
459 1767 552 1840 ipsum
566 1778 656 1824 instru
705 1783 721 1822 e
740 1765 827 1830 intus,
847 1765 958 1839 ingenti
978 1787 1046 1826 cum

138 1848 264 1906 tumultu
291 1854 452 1920 erumpunt,
472 1851 653 1916 stragemque
694 1839 804 1904 ostium,
827 1839 945 1900 famant
999 1844 1071 1904 lta'

138 1924 235 2001 primis
256 1919 385 1995 repulsis,
407 1915 570 1988 Maharbal,
590 1937 658 1976 cum
671 1919 779 1994 majore
799 1920 903 1978 robore
921 1919 1047 1982 virorum

137 2001 248 2064 missus,
268 2015 323 2053 nec
341 1995 403 2071 ipse
423 1993 602 2070 eruptionem
622 1996 783 2056 cohortium
804 1997 948 2058 sustinuit.
962 1996 966 2004 ’
979 2019 1046 2077 pos·

137 2092 227 2139 tremo
242 2071 400 2143 Hannibal,
422 2072 522 2132 castris
536 2087 604 2151 ante
617 2075 681 2153 ipsa
693 2074 809 2144 moenia
821 2077 967 2152 oppositis,
980 2096 1048 2155 par-

135 2173 199 2214 vam
215 2153 315 2210 urbem
329 2170 504 2229 parvumque
517 2152 690 2230 praesidium
704 2154 816 2212 summai
835 2153 861 2210 ri
881 2165 969 2232 atque
982 2174 1047 2214 om·

134 2232 220 2293 uibus
234 2229 323 2307 copiis
336 2248 503 2308 oppugnare
536 2242 607 2288 arat.
620 2249 664 2300 ac,
679 2231 748 2288 dum
761 2231 848 2304 instat
861 2229 1047 2320 lacessitque,

135 2311 241 2372 corona
260 2306 386 2385 undique
405 2250 588 2367 circumdatis
617 2308 777 2374 moenibus,
807 2306 926 2382 aliquot·
937 2307 1043 2368 milites

134 2400 165 2448 et
179 2385 420 2479 promptissimum
444 2404 598 2463 quemque,
617 2404 634 2443 e
655 2403 735 2442 muro
756 2384 938 2520 turribusque
958 2385 1057 2464 ic'tos,·-.¹

58 2467 63 2476 '
133 2467 237 2525 anusit.
278 2463 373 2524 Semel
395 2464 468 2522 ultro
489 2473 671 2540 erumpentes
690 2461 805 2538 agmine
825 2460 888 2539 elep
910 2475 1044 2522 autorum

134 2544 267 2624 opposito
285 2561 377 2632 prope
396 2540 563 2610 interclusit,
584 2539 767 2619 trepidosque
787 2539 925 2617 compulit
946 2543 976 2598 in
997 2561 1045 2602 ur·

133 2625 211 2690 bem,
239 2632 308 2680 saus
334 2618 440 2688 multis,
462 2631 494 2680 ut
521 2638 557 2678 ex
584 2630 665 2678 tanta
694 2617 849 2700 paucitate,
876 2617 1042 2679 interfectis.

79 2695 82 2702 '
133 2699 231 2775 plures
254 2697 434 2768 cecidissent,
454 2697 484 2756 ni
504 2697 690 2774 nonproelio
711 2695 918 2756 intervenisset.
971 2697 1042 2758 Pos-

134 2787 196 2834 tero
210 2772 257 2831 die
281 2773 509 2842 omniumtanimi
523 2776 562 2832 ad
582 2774 807 2853 oppugnandum
827 2773 1061 2858 accenduntur3·

134 2851 397 2927 utiquepostquam
418 2869 524 2909 corona
537 2870 624 2908 aurea
638 2851 760 2938 muralis
771 2849 917 2925 proposita
929 2860 983 2916 est,
997 2861 1042 2920 at-

134 2947 190 3008 que
212 2927 274 3004 ipse
287 2925 348 2983 dux
360 2925 479 2992 castelli,
493 2925 578 2999 piano
592 2919 657 2982 loco
676 2925 770 3001 positi,
792 2942 910 3000 segnem
929 2944 1043 3004 oppug·
1145 2977 1149 2982 .

132 3005 279 3075 radonem
310 3001 430 3078 Sagunti
457 3001 701 3078 expugnatoribus
730 3001 932 3078 exprobrabat,
963 3005 1043 3066 Can.

87 3105 89 3110 ’
133 3103 251 3153 narum,
267 3077 500 3157 Trasimenique,
528 3090 558 3142 et
585 3077 707 3140 Trebiae
735 3077 861 3156 singulos
881 3079 1043 3144 admonens
1121 3077 1126 3086 ’

133 3163 344 3238 universosque.
390 3157 465 3218 Inde
492 3157 592 3232 vineae
606 3167 725 3236 'quoqne
745 3167 866 3236 coeptae
885 3158 941 3237 agi,
960 3158 1042 3220 cuni·

133 3241 190 3302 culi
210 3258 265 3314 uer
285 3257 341 3298 nec
353 3236 391 3308 ad
404 3235 496 3295 varios
510 3247 630 3296 conatus
639 3235 775 3312 ,bostium
792 3248 844 3294 aut
857 3236 898 3296 vis
919 3236 977 3296 ulla
989 3253 1041 3300 aut

133 3339 179 3404 gns
190 3260 299 3378 deerat.
359 3314 438 3380 Socii
457 3313 653 3382 Romanorum
671 3313 885 3394 propugnacula
904 3315 1040 3376 adversus

133 3391 231 3456 vineas
248 3405 383 3465 statuere,
394 3395 568 3466 ,transversis
588 3393 727 3456 cuniculis
746 3391 872 3452 hostium
891 3393 1038 3452 cuniculos

134 3473 277 3556 excipere,
298 3485 328 3543 ot
341 3473 435 3558 palam
447 3484 478 3546 at
497 3473 573 3538 clam
593 3471 702 3552 coeptis
715 3471 835 3545 ,obvim
854 3471 912 3552 ire:
940 3471 1052 3550 ‚donec¹
