2534 4010
489 255 649 323 ursan
677 243 776 336 xxn.
1046 257 1084 324 n

179 411 210 470 in
221 429 309 472 novas
321 431 365 474 res
379 427 446 476 sunt
465 416 588 492 ingenio,
612 415 799 482 Mandonius,
818 409 1015 489 Indibilisque,
1036 413 1082 488 qui

180 495 266 552 astrea
291 493 446 572 Ilergetum
474 495 588 570 regulus
606 495 708 562 iuerat,
730 498 883 569 postquam
903 488 1026 548 Romani
1047 491 1083 548 ab

179 567 253 634 saltu
276 589 420 630 recessere
444 571 481 629 ad
504 571 673 628 maritimam
691 587 779 637 oram,
801 567 920 626 concitis
941 567 1085 644 populari·

178 646 284 714 bus-in
298 665 398 726 agrum
412 651 548 726 pacatum
561 651 703 706 sociorum
722 647 916 704 Romanorum
935 645 973 702 ad
993 665 1084 722 popu·
1166 716 1171 724 p

177 723 295 782 landum
308 736 458 784 venerunt.
498 724 647 783 Adversus
660 739 718 792 eos,
737 723 866 782 tribunus
879 723 1000 782 militum
1015 741 1082 784 cum

175 802 321 878 expeditis
342 802 463 872 auxiliis,
485 821 503 862 a
526 802 574 862 Sci
595 803 661 861 ione
682 800 768 869 missi,
789 800 842 860 leti
865 802 1030 870 certamine,
1051 813 1084 860 ut

175 879 393 938 tumultuariam
418 899 544 951 manum,
571 823 674 939 Hedera
696 895 817 938 omnes:
838 879 943 938 occisis
967 881 1083 956 quibua·-

177 955 245 1016 dun
269 957 360 1036 captis
381 977 426 1027 ue,
451 975 554 1036 magna
576 977 643 1036 pars
667 956 752 1016 armis
772 965 868 1014 exuta.
907 957 966 1014 llic
987 969 1083 1016 mineo

170 1033 317 1093 tumultus·
332 1055 348 1095 c
385 1049 480 1096 entem
495 1037 532 1095 ad
547 1037 697 1096 Oceanum
716 1032 931 1092 Hasdrubalem
955 1033 996 1090 cis
1016 1035 1082 1092 lbe·

175 1109 290 1170 rumad
304 1115 396 1173 socios
410 1115 546 1173 tutandos
559 1115 685 1173 retraxit.
726 1114 828 1172 Castra
843 1109 954 1168 Punica
971 1109 1003 1174 in
1016 1127 1084 1186 agro

168 1185 427 1261 ‘llercaonensiurm
448 1203 543 1250 castra
562 1192 694 1250 Romana
713 1190 751 1248 ad
773 1189 885 1246 Novam
905 1187 1034 1247 Classem
1055 1207 1084 1246 e·

174 1278 247 1336 rmt,
263 1270 436 1344 quumiama
456 1287 559 1347 repens
579 1269 635 1328 alio
655 1267 757 1328 avertit
776 1266 893 1325 bellum.
934 1263 1082 1338 Celtiberi,

174 1344 223 1418 qul
236 1347 378 1481 principles
390 1347 513 1424 regionis
526 1365 595 1406 suae
614 1347 724 1424 legatos
746 1345 890 1410 miserant,
912 1341 1083 1424 obsidesque

175 1421 315 1482 dederant
357 1425 475 1496 omanis,
491 1427 596 1484 nuncio
616 1427 703 1483 misso
721 1442 739 1482 a
760 1422 894 1498 Scipione
916 1421 1014 1491 exciti,
1035 1441 1080 1479 ar·

173 1515 221 1556 ma
243 1502 373 1578 capiunt,
407 1505 639 1582 provinciamque
672 1499 953 1574 Karthaginiensium
987 1500 1080 1558 valido

104 1645 107 1654 Ι
171 1578 300 1642 exercitu
315 1579 472 1637 invadunt:
491 1581 546 1636 tria
559 1579 663 1657 oppida
677 1580 709 1635 vi
724 1589 899 1655 expugnant.
917 1577 993 1645 inde,
1014 1596 1080 1635 cum

173 1652 236 1729 ipso
265 1653 449 1714 Hasdrubale
475 1656 589 1714 duobus
621 1655 736 1734 proeliis
762 1655 876 1731 egregie
908 1665 1078 1731 pugnantes,

173 1730 334 1808 quindecim
361 1733 449 1790 millia
476 1734 601 1792 bostium
634 1733 810 1802 occiderunt,
830 1746 968 1810 ·quatuor
993 1733 1080 1790 millia

171 1827 238 1870 arm
253 1810 351 1868 multis
363 1811 531 1870 militaribus
545 1811 633 1888 signis
647 1812 774 1890 capiunt.
1074 1826 1077 1834 “

198 1885 306 1950 xxii.
346 1888 418 1948 Hoc
438 1899 515 1947 statu
535 1908 628 1948 return
648 1890 678 1946 in
700 1887 850 1966 Hispania,
877 1887 909 1945 P.
936 1887 1031 1965 Scipio
1043 1889 1080 1946 in

170 1965 344 2040 provinciam
370 1965 456 2036 venit,
483 1979 635 2044 prorogato
658 1979 724 2043 post
750 1966 941 2026 consulatum
960 1966 1081 2042 imperio

171 2042 210 2098 ab
225 2051 324 2098 senatu
339 2042 451 2112 missus,
473 2063 539 2102 cum
560 2045 676 2120 triginta
696 2045 787 2120 longis
807 2043 937 2113 navibus,
961 2054 991 2102 et
1011 2058 1103 2101 octo·

170 2115 296 2176 millibus
323 2119 452 2187 militum,
482 2139 642 2198 magnoque
669 2133 829 2180 commeatu
857 2122 987 2180 advecto.
1028 2121 1073 2180 Ea

169 2195 268 2255 elassis
295 2198 395 2274 ingens
422 2199 536 2276 agmine
567 2199 759 2264 onerariarum
786 2201 884 2275 procul
911 2200 980 2266 risa,
1009 2219 1076 2258 cum
1104 2197 1107 2207 '

170 2291 274 2351 magna
293 2275 400 2334 laetitia
420 2277 523 2335 civium
545 2277 761 2356 sociorumque,
772 2288 886 2354 portum
908 2275 1077 2334 Tarraconis

169 2367 206 2409 ex
219 2353 277 2410 alto
291 2353 392 2412 tenuit.
412 2355 452 2414 ibi
471 2355 561 2414 miliia
574 2355 714 2433 exposito,
736 2355 880 2434 proiectus
901 2353 997 2432 Scipio
1019 2353 1076 2412 ira·

169 2429 204 2485 tn'
219 2447 250 2487 se
264 2432 428 2508 conjungit:
449 2451 484 2494 ac
497 2434 602 2492 deinde
616 2434 760 2493 communi
784 2434 880 2492 animo
900 2432 1077 2506 consilioque

167 2507 307 2584 g'cr'ebant
330 2510 447 2568 bellum.
487 2511 645 2589 O'cc'upatis
673 2507 758 2587 igitur
784 2507 1075 2583 Karthaginiensibus

169 2585 343 2643 Celtiberico
360 2585 447 2656 bollo,
472 2587 550 2646 baud
573 2601 744 2648 cunctanter
764 2587 880 2645 lberam
904 2583 1077 2658 transgredi·

168 2669 257 2719 untur
267 2679 282 2718 ε·
295 2680 350 2720 nec
363 2663 422 2720 ullo
435 2663 495 2722 viso
508 2664 767 2740 hoste'Saguntum
782 2675 905 2740 pergunt
927 2661 977 2730 ire,
999 2663 1074 2739 quod

166 2738 208 2798 ibi
223 2738 336 2798 obsides
350 2740 437 2799 totius
452 2740 507 2798 His
528 2741 619 2812 auiae,
640 2741 788 2800 custodiae
799 2739 920 2799 traditos
938 2741 977 2800 ab
990 2740 1074 2799 Han·

165 2817 270 2888 tribule,
283 2816 361 2876 fama
375 2829 436 2878 erat
450 2761 564 2878 modico
581 2820 611 2878 in
631 2837 702 2880 arce⁴
717 2819 852 2878 custodiri
875 2819 1024 2897 praesidio.
1045 2821 1074 2879 id

166 2909 254 2955 unum
268 2897 379 2974 pignus,
393 2897 544 2959 inclinatos
556 2898 594 2956 ad
611 2899 771 2957 Romanam
784 2900 960 2968 societatem,
979 2901 1073 2976 omni·

166 2989 213 3030 um
229 2974 386 3052 Hispaniae
399 2977 568 3055 populorum
583 2977 692 3036 animos
706 2979 880 3047 morabatur,
901 2996 938 3036 ne
958 2979 1072 3056 sangui·

164 3067 202 3108 ne
215 3051 337 3112 liberam
350 3071 466 3112 suorum
480 3056 565 3134 culpa
582 3056 751 3114 deiectionis
771 3057 905 3114 lueretur.
946 3055 990 3116 En
1009 3058 1074 3114 vin-

164 3127 414 3208 onla'Hispaniam
428 3130 471 3188 vir
489 3151 572 3203 unus,
587 3133 683 3192 solerti
704 3134 794 3212 magis
813 3153 897 3212 quam
912 3133 988 3192 iideli
1003 3153 1072 3193 con·
1103 3169 1106 3178 Δ

162 3204 236 3273 silio,
252 3209 378 3266 exsolvit.
412 3205 538 3267 'Abelux
556 3223 617 3268 erat
639 3212 768 3289 Sagunti,
788 3213 892 3271 nobilis
913 3212 1071 3288 Hispanus,
1164 3221 1166 3226 ’

161 3283 238 3342 fidus
259 3297 325 3343 ante
343 3287 448 3346 Poenis
459 3307 475 3344 a
488 3300 550 3345 tum
570 3289 675 3366 (qualia
694 3291 860 3369 plerumque
881 3288 1072 3346 suntltarbu-

161 3376 258 3421 rorum
273 3362 398 3444 ingenia)
416 3383 481 3422 cum
502 3363 616 3424 fortuna
634 3381 793 3428 mutaverat
813 3369 908 3426 iidem.
933 3373 1071 3430 ceterum,

163 3441 350 3517 pansingen,
364 3443 440 3500 ‘sine
463 3461 590 3522 magnae*
604 3447 644 3503 tei
668 3440 1013 3524 proditionerenientern
1032 3441 1071 3522 ad

163 3517 271 3594 buttes,
285 3519 354 3583 nihil
368 3519 446 3582 aliud
460 3539 544 3602 quarn
560 3525 647 3584 tinniit
661 3523 716 3583 otte
730 3533 824 3595 atque
841 3515 947 3572 intime
967 3529 1070 3590 corpus
