2386 3930
125 237 185 296 aro
483 223 517 292 Τ.
545 221 677 291 Ltvrr

126 403 203 448 roam
229 389 365 456 arcessiri,
392 387 589 461 magistratum
615 388 759 447 inienrnr:
787 398 976 467 senatumque
998 388 1040 450 de

125 469 203 526 bello
227 487 261 527 ac
283 467 434 546 provinciis
455 467 513 524 suis
537 477 766 544 praetorumque,
791 480 819 525 et
843 467 880 524 de
898 468 1040 526 'mereim

126 549 190 610 bus,
202 547 304 624 quibus
319 547 423 622 quique
436 557 612 622 praeessent,
627 545 840 603 consuluerunt.
1022 553 1039 620 J

165 624 273 682 XLIV.
313 625 439 684 lrnuun
467 624 637 699 provinciae,
664 635 750 700 atque
776 622 917 682 exercitas
943 622 1038 680 dirisi.

127 703 240 762 Bellum
264 717 330 760 cum
351 701 517 760 Hannibale
536 703 701 760 consulibus
715 701 890 769 mandatum,
906 709 934 758 et
953 716 1037 759 exera

125 781 235 858 situum
262 796 347 849 unus,
371 799 455 856 quern
483 779 545 856 ipse
571 779 754 856 Sempronius
776 779 927 848 habuerat,
954 777 1037 848 alter,

126 871 210 936 quem
226 857 331 916 Fabius
352 858 468 916 consul:
490 861 554 935 (eae
567 859 652 915 binae
666 867 748 914 erant
765 857 903 933 legiones)
918 857 962 913 M.
977 858 1040 914 Ae⁴

126 936 220 993 milius
241 945 365 1012 praetor,
378 939 472 1013 ‘cujus
493 935 642 1012 peregrina
663 953 723 991 sors
744 947 815 1003 erat,
840 933 1040 1011 jurisdictione

127 1014 173 1072 M.
198 1015 290 1072 Atilio
310 1015 446 1089 collegae,
470 1013 592 1090 praetori
613 1012 733 1081 urbano,
753 1012 899 1080 mandatis,
920 1012 1039 1070 Luceri-

126 1100 173 1149 am
198 1093 370 1168 provinciam
397 1093 525 1157 haberet,
549 1090 734 1168 legionesque
760 1091 841 1158 daea,
870 1091 974 1168 quibus
1001 1087 1038 1154 Q.

128 1169 242 1248 Fabius,
264 1169 311 1246 qui
338 1180 399 1226 tum
427 1169 525 1226 consul
553 1181 624 1237 erat,
654 1181 769 1246 praetor
792 1167 963 1245 praefuerat.
1004 1168 1039 1226 P.

129 1249 296 1322 Sempronio
324 1246 467 1321 provincia
491 1245 662 1312 Ariminum,
685 1246 738 1304 Cn.
764 1246 865 1304 Fulvio
892 1246 1039 1316 Suessula,

126 1341 192 1381 cum
216 1322 289 1379 binis
309 1323 376 1378 item
397 1323 568 1396 legionibus,
582 1334 756 1386 evenerunt:
778 1333 810 1380 at
824 1323 940 1381 Fulvius
953 1326 1039 1382 urba·

125 1415 177 1456 nas
200 1398 328 1475 legiones
340 1397 468 1466 duceret,
493 1397 654 1456 Tuditanus
676 1415 693 1454 a
714 1397 766 1455 M’.
786 1400 947 1474 Pomponio
961 1402 1039 1459 acci·

125 1489 215 1554 peret.
256 1475 413 1554 Prorogata
441 1475 560 1554 imperia
586 1475 812 1554 provinciaeque,
840 1475 885 1533 M.
914 1477 1040 1535 Claudio

128 1555 224 1614 Sicilia
243 1555 348 1614 finibus
361 1557 411 1625 eis,
424 1557 527 1634 qulbus
540 1568 660 1632 reguum
675 1553 811 1612 Hieronis
822 1553 922 1612 suisset
931 1575 944 1611 t¹
959 1554 1038 1612 Len·

128 1633 190 1692 tulo
217 1634 394 1712 propraetori
416 1633 560 1712 provincia
584 1643 685 1692 vetus:
719 1632 754 1690 Τ.
786 1631 912 1690 Otacilio
931 1632 1039 1691 classis.

127 1712 270 1771 eirercitus
288 1713 359 1770 nulli
381 1713 470 1769 additi
491 1711 565 1768 novi.
606 1711 650 1766 M.
665 1709 780 1766 Valerio
793 1709 917 1765 Graecia
936 1709 1040 1768 Maces

127 1791 271 1866 tloniaque
294 1807 359 1848 cum
383 1790 504 1864 legione,
529 1797 559 1845 et
585 1786 686 1854 classe,
710 1803 796 1862 quam
823 1785 965 1844 haberet:
1000 1790 1037 1854 Q.

126 1867 228 1924 Mucio
249 1886 314 1923 curn
330 1877 425 1922 vetere
444 1865 570 1922 exercitu
585 1863 671 1940 (duae
686 1875 783 1922 autem
803 1863 931 1942 legiones
945 1867 1040 1943 erant)

128 1942 279 2004 Sardinia:
310 1944 345 1998 C.
366 1941 501 1999 Terentio
522 1941 598 2018 legio
618 1959 684 2011 una,
706 1942 753 2000 cui
774 1943 833 2020 jam
854 1955 994 2018 praeerat,
1010 1955 1040 2001 et

127 2016 275 2078 Picenum.
316 2019 407 2076 Scribi
429 2030 576 2097 praeterea
597 2019 671 2079 duae
691 2015 819 2097 legiones
832 2021 960 2078 urbanae
979 2024 1040 2099 jus·

127 2113 184 2164 sae,
199 2105 228 2154 et
241 2095 341 2173 viginti
365 2098 453 2156 millia
474 2098 624 2156 sociorum.
666 2099 722 2156 llis
735 2097 867 2166 ducibus,
881 2097 925 2155 his
939 2100 1040 2176 copiis,

126 2175 262 2232 adversus
283 2175 373 2234 multa
395 2177 487 2244 simul,
502 2189 552 2234 aut
567 2187 645 2234 mota
658 2187 709 2234 aut
723 2185 864 2252 suspecta,
880 2176 957 2233 bella
976 2195 1039 2234 mu·

126 2253 239 2310 nierunt
261 2253 425 2311 Romanum
446 2253 605 2330 imperium.
646 2254 794 2320 Consules,
816 2253 928 2308 duabus
952 2255 1038 2311 urba·

127 2331 171 2391 nis
196 2331 357 2406 legionibus
381 2331 502 2408 scriptis,
527 2330 781 2407 supplementoque
804 2329 833 2385 in
857 2327 928 2386 alias
951 2330 1042 2402 lecto„

127 2409 291 2487 priusquam
318 2411 357 2466 ab
383 2409 454 2467 urbe
488 2417 643 2476 moverent,
664 2400 806 2485 'prodigia
839 2409 1039 2483 procurilrunt,

127 2503 202 2564 quae
222 2487 357 2546 nunciata
377 2501 467 2546 erunt.
508 2485 620 2554 Murus,
635 2503 670 2543 ac
689 2497 790 2564 portae
809 2495 922 2555 tactae3
951 2488 1038 2544 etA-

125 2566 213 2624 riciae
226 2566 313 2625 etiam
334 2567 415 2625 Jovis
435 2566 522 2624 aedes
536 2564 572 2623 de
593 2564 675 2622 coelo
689 2575 768 2622 tacta
780 2563 883 2622 fuerat.
924 2563 963 2622 Et
983 2564 1039 2622 alia

125 2641 249 2700 ludibria
271 2646 417 2703 oculorum
433 2645 600 2722 auriumque
614 2641 723 2702 credita
746 2657 799 2720 pro
811 2643 904 2700 verlss
923 2642 1039 2701 navium

125 2716 276 2792 longarum
300 2725 410 2798 species
433 2724 461 2780 in
476 2723 593 2780 flumine
607 2721 788 2790 Tarracinae,
803 2737 878 2796 quae
900 2721 996 2779 nullae
1009 2737 1039 2778 e·

125 2803 198 2861 rant,
213 2795 310 2862 risae;
337 2811 367 2856 et
387 2802 416 2854 in
436 2801 517 2858 duvia
532 2799 644 2856 Vicilini
665 2799 782 2874 templo,
797 2797 874 2872 quod
887 2797 915 2852 in
931 2797 1039 2874 Comp-

126 2884 195 2929 sano
210 2886 280 2946 agro
303 2883 356 2939 est,
371 2891 450 2930 arma
470 2875 688 2948 concrepuisse3
719 2885 748 2932 et
770 2873 877 2928 flamen
893 2873 1039 2933 Amiterni

126 2959 275 3009 cruentum
298 2949 423 3006 fluxisse.
464 2949 520 3006 His
543 2949 702 3024 procuratis
725 2967 763 3006 ex
783 2948 902 3006 decreto
923 2951 1038 3028 pontill-

126 3044 201 3096 cum,
216 3025 336 3106 proiecti
359 3026 500 3096 consules,
527 3025 711 3104 Sempronius
731 3027 760 3084 in
780 3026 925 3098 Lucanos,
946 3029 975 3088 in
998 3033 1037 3090 A·

126 3106 233 3184 pullam
248 3105 361 3163 Fabius.
401 3105 488 3165 Pater
497 3105 556 3164 lilio
568 3105 681 3180 legatus
695 3105 733 3164 ad
748 3105 912 3164 Suessulam
932 3107 961 3164 in
975 3124 1037 3167 cas-

125 3197 171 3244 tra
192 3183 280 3243 venit.
304 3199 394 3260 quum
412 3184 533 3244 obviam
556 3183 631 3241 lilius
658 3185 884 3262 progrederetur,
909 3184 1055 3246 lictores-'

127 3281 183 3339 que
202 3262 374 3322 verecundia
393 3263 550 3341 majestatis
564 3265 625 3340 ejus
645 3263 725 3321 taciti
746 3263 904 3330 anteirent;
925 3275 1038 3340 praeter

126 3340 261 3399 undecim
282 3339 375 3401 fasces
395 3361 469 3420 equo
490 3353 668 3420 praevectus,
683 3359 780 3411 senex,
802 3353 836 3400 ut
854 3341 952 3400 consul
977 3343 1036 3400 anl-

125 3419 304 3480 madvertere
328 3423 486 3498 proximum
511 3420 640 3478 lictorem
661 3420 754 3496 jussit,
769 3427 799 3478 et
822 3419 855 3488 is,
870 3431 902 3478 ut
914 3421 1036 3479 descen-

127 3488 207 3550 deret
227 3515 265 3556 ax
284 3505 370 3578 equo,
384 3499 555 3576 inclamavit,
570 3509 632 3560 tum
645 3498 762 3559 demam
779 3491 921 3573 desilieui,
937 3507 955 3538 “
975 3496 1038 3558 Ex·
