<?xml version="1.0" encoding="UTF-8"?>
<!DOCTYPE html PUBLIC "-//W3C//DTD XHTML 1.0 Transitional//EN"
    "http://www.w3.org/TR/xhtml1/DTD/xhtml1-transitional.dtd">
<html xmlns="http://www.w3.org/1999/xhtml" xml:lang="en" lang="en">
 <head>
  <title>
</title>
<meta http-equiv="Content-Type" content="text/html;charset=utf-8" />
  <meta name='ocr-system' content='tesseract 3.04.00' />
  <meta name='ocr-capabilities' content='ocr_page ocr_carea ocr_par ocr_line ocrx_word'/>
</head>
<body>
  <div class='ocr_page' id='page_1' title='image "./titiliviihistor03livigoog_0189.png"; bbox 0 0 2406 3932; ppageno 0'>
   <div class='ocr_carea' id='block_1_1' title="bbox 159 218 880 305">
    <p class='ocr_par' dir='ltr' id='par_1_1' title="bbox 159 218 880 305">
     <span class='ocr_line' id='line_1_1' title="bbox 159 218 880 305; baseline -0.006 -5"><span class='ocrx_word' id='word_1_1' title='bbox 159 239 214 305; x_wconf 78' lang='lat' dir='ltr'><strong>rra</strong></span> <span class='ocrx_word' id='word_1_2' title='bbox 463 227 477 276; x_wconf 85' lang='grc'><strong>-·</strong></span> <span class='ocrx_word' id='word_1_3' title='bbox 514 227 549 296; x_wconf 85' lang='lat' dir='ltr'><strong>r.</strong></span> <span class='ocrx_word' id='word_1_4' title='bbox 575 227 707 296; x_wconf 79' lang='grc' dir='ltr'><strong>ιιιιι</strong></span> <span class='ocrx_word' id='word_1_5' title='bbox 753 227 759 283; x_wconf 81' lang='grc' dir='ltr'><em>ῑ</em></span> <span class='ocrx_word' id='word_1_6' title='bbox 871 218 880 230; x_wconf 73' lang='grc'><strong>“</strong></span> 
     </span>
    </p>
   </div>
   <div class='ocr_carea' id='block_1_2' title="bbox 145 373 1187 474">
    <p class='ocr_par' dir='ltr' id='par_1_2' title="bbox 145 373 1187 474">
     <span class='ocr_line' id='line_1_2' title="bbox 145 373 1187 474; baseline 0.004 -22"><span class='ocrx_word' id='word_1_7' title='bbox 145 384 313 472; x_wconf 33' lang='lat' dir='ltr'><strong>,majoribus</strong></span> <span class='ocrx_word' id='word_1_8' title='bbox 335 401 485 470; x_wconf 83' lang='lat' dir='ltr'><strong>procurata</strong></span> <span class='ocrx_word' id='word_1_9' title='bbox 508 403 576 468; x_wconf 84' lang='lat' dir='ltr'><strong>sunt</strong></span> <span class='ocrx_word' id='word_1_10' title='bbox 598 412 635 453; x_wconf 89' lang='lat' dir='ltr'><strong>ex</strong></span> <span class='ocrx_word' id='word_1_11' title='bbox 658 381 820 472; x_wconf 86' lang='lat' dir='ltr'><strong>aruspicum</strong></span> <span class='ocrx_word' id='word_1_12' title='bbox 843 380 998 474; x_wconf 70' lang='lat' dir='ltr'><strong>responsoi</strong></span> <span class='ocrx_word' id='word_1_13' title='bbox 1033 399 1067 456; x_wconf 68' lang='lat' dir='ltr'><strong>et*</strong></span> <span class='ocrx_word' id='word_1_14' title='bbox 1115 416 1120 418; x_wconf 88' lang='lat'><em>·</em></span> <span class='ocrx_word' id='word_1_15' title='bbox 1186 373 1187 404; x_wconf 63' lang='lat'>³</span> 
     </span>
    </p>
   </div>
   <div class='ocr_carea' id='block_1_3' title="bbox 159 469 1072 1636">
    <p class='ocr_par' dir='ltr' id='par_1_3' title="bbox 159 469 1065 616">
     <span class='ocr_line' id='line_1_3' title="bbox 159 469 1065 550; baseline 0.001 -19"><span class='ocrx_word' id='word_1_16' title='bbox 159 471 473 549; x_wconf 84' lang='lat' dir='ltr'><strong>snpplicatioomnibus</strong></span> <span class='ocrx_word' id='word_1_17' title='bbox 484 469 554 542; x_wconf 89' lang='lat' dir='ltr'><strong>deis,</strong></span> <span class='ocrx_word' id='word_1_18' title='bbox 568 489 689 549; x_wconf 86' lang='lat' dir='ltr'><strong>quorum</strong></span> <span class='ocrx_word' id='word_1_19' title='bbox 713 472 868 550; x_wconf 82' lang='lat' dir='ltr'><strong>pulvinaria</strong></span> <span class='ocrx_word' id='word_1_20' title='bbox 893 474 1005 533; x_wconf 89' lang='lat' dir='ltr'><strong>Romae</strong></span> <span class='ocrx_word' id='word_1_21' title='bbox 1019 493 1065 534; x_wconf 85' lang='lat' dir='ltr'><strong>es·</strong></span> 
     </span>
     <span class='ocr_line' id='line_1_4' title="bbox 159 545 531 616; baseline -0.013 -6"><span class='ocrx_word' id='word_1_22' title='bbox 159 561 231 616; x_wconf 87' lang='lat' dir='ltr'><strong>sent,</strong></span> <span class='ocrx_word' id='word_1_23' title='bbox 253 545 360 607; x_wconf 90' lang='lat' dir='ltr'><strong>indicta</strong></span> <span class='ocrx_word' id='word_1_24' title='bbox 373 559 426 607; x_wconf 88' lang='lat' dir='ltr'><strong>eet.</strong></span> <span class='ocrx_word' id='word_1_25' title='bbox 529 579 531 589; x_wconf 91' lang='lat'><em>·</em></span> 
     </span>
    </p>

    <p class='ocr_par' dir='ltr' id='par_1_4' title="bbox 159 626 1072 1636">
     <span class='ocr_line' id='line_1_5' title="bbox 199 626 1066 706; baseline 0.005 -22"><span class='ocrx_word' id='word_1_26' title='bbox 199 626 252 685; x_wconf 87' lang='lat' dir='ltr'><strong>Xl.</strong></span> <span class='ocrx_word' id='word_1_27' title='bbox 280 627 517 694; x_wconf 70' lang='lat' dir='ltr'><strong>Paurarnn&#39;rta</strong></span> <span class='ocrx_word' id='word_1_28' title='bbox 542 645 617 704; x_wconf 87' lang='lat' dir='ltr'><strong>quae</strong></span> <span class='ocrx_word' id='word_1_29' title='bbox 643 627 679 686; x_wconf 90' lang='lat' dir='ltr'><strong>ad</strong></span> <span class='ocrx_word' id='word_1_30' title='bbox 700 645 801 706; x_wconf 81' lang='lat' dir='ltr'><strong>pacem</strong></span> <span class='ocrx_word' id='word_1_31' title='bbox 828 628 915 698; x_wconf 86' lang='lat' dir='ltr'><strong>deinn</strong></span> <span class='ocrx_word' id='word_1_32' title='bbox 941 629 1066 706; x_wconf 76' lang='lat' dir='ltr'><strong>pertine·</strong></span> 
     </span>
     <span class='ocr_line' id='line_1_6' title="bbox 160 703 1068 784; baseline 0 -20"><span class='ocrx_word' id='word_1_33' title='bbox 160 707 239 774; x_wconf 86' lang='lat' dir='ltr'><strong>bant,</strong></span> <span class='ocrx_word' id='word_1_34' title='bbox 263 704 301 762; x_wconf 91' lang='lat' dir='ltr'><strong>de</strong></span> <span class='ocrx_word' id='word_1_35' title='bbox 323 703 472 781; x_wconf 80' lang='lat' dir='ltr'><strong>republica</strong></span> <span class='ocrx_word' id='word_1_36' title='bbox 495 705 628 782; x_wconf 86' lang='lat' dir='ltr'><strong>belloque</strong></span> <span class='ocrx_word' id='word_1_37' title='bbox 650 705 785 781; x_wconf 87' lang='lat' dir='ltr'><strong>gerendo,</strong></span> <span class='ocrx_word' id='word_1_38' title='bbox 809 712 840 764; x_wconf 89' lang='lat' dir='ltr'><strong>et</strong></span> <span class='ocrx_word' id='word_1_39' title='bbox 863 715 1000 784; x_wconf 88' lang='lat' dir='ltr'><strong>quantum</strong></span> <span class='ocrx_word' id='word_1_40' title='bbox 1014 726 1068 776; x_wconf 65' lang='lat' dir='ltr'><strong>co·‚</strong></span> 
     </span>
     <span class='ocr_line' id='line_1_7' title="bbox 159 783 1067 862; baseline 0.002 -23"><span class='ocrx_word' id='word_1_41' title='bbox 159 783 278 862; x_wconf 89' lang='lat' dir='ltr'><strong>piarum,</strong></span> <span class='ocrx_word' id='word_1_42' title='bbox 299 792 329 840; x_wconf 90' lang='lat' dir='ltr'><strong>et</strong></span> <span class='ocrx_word' id='word_1_43' title='bbox 349 783 400 840; x_wconf 91' lang='lat' dir='ltr'><strong>ubi</strong></span> <span class='ocrx_word' id='word_1_44' title='bbox 432 799 563 862; x_wconf 88' lang='lat' dir='ltr'><strong>quaeque</strong></span> <span class='ocrx_word' id='word_1_45' title='bbox 586 794 690 852; x_wconf 88' lang='lat' dir='ltr'><strong>essent,</strong></span> <span class='ocrx_word' id='word_1_46' title='bbox 720 783 852 843; x_wconf 83' lang='lat' dir='ltr'><strong>consuler</strong></span> <span class='ocrx_word' id='word_1_47' title='bbox 875 784 912 843; x_wconf 91' lang='lat' dir='ltr'><strong>ad</strong></span> <span class='ocrx_word' id='word_1_48' title='bbox 933 793 1067 842; x_wconf 88' lang='lat' dir='ltr'><strong>senatum</strong></span> 
     </span>
     <span class='ocr_line' id='line_1_8' title="bbox 159 858 1068 938; baseline 0 -19"><span class='ocrx_word' id='word_1_49' title='bbox 159 858 327 919; x_wconf 86' lang='lat' dir='ltr'><strong>retulerunt.</strong></span> <span class='ocrx_word' id='word_1_50' title='bbox 380 859 586 938; x_wconf 80' lang='lat' dir='ltr'><strong>Duodeviginti</strong></span> <span class='ocrx_word' id='word_1_51' title='bbox 607 860 767 936; x_wconf 82' lang='lat' dir='ltr'>legionibus</span> <span class='ocrx_word' id='word_1_52' title='bbox 788 861 896 920; x_wconf 90' lang='lat' dir='ltr'><strong>bellurn</strong></span> <span class='ocrx_word' id='word_1_53' title='bbox 919 861 979 938; x_wconf 84' lang='lat' dir='ltr'><strong>geri</strong></span> <span class='ocrx_word' id='word_1_54' title='bbox 1004 863 1068 938; x_wconf 90' lang='lat' dir='ltr'><strong>pla·</strong></span> 
     </span>
     <span class='ocr_line' id='line_1_9' title="bbox 160 933 1069 1007; baseline 0 -11"><span class='ocrx_word' id='word_1_55' title='bbox 160 933 236 996; x_wconf 74' lang='lat' dir='ltr'><strong>cuitt&#39;</strong></span> <span class='ocrx_word' id='word_1_56' title='bbox 257 937 340 997; x_wconf 90' lang='lat' dir='ltr'><strong>binas</strong></span> <span class='ocrx_word' id='word_1_57' title='bbox 351 937 483 997; x_wconf 83' lang='lat' dir='ltr'><strong>consules</strong></span> <span class='ocrx_word' id='word_1_58' title='bbox 496 939 549 998; x_wconf 84' lang='lat' dir='ltr'>sibi</span> <span class='ocrx_word' id='word_1_59' title='bbox 564 956 691 998; x_wconf 85' lang='lat' dir='ltr'><strong>sumere:</strong></span> <span class='ocrx_word' id='word_1_60' title='bbox 718 937 794 996; x_wconf 89' lang='lat' dir='ltr'><strong>binis</strong></span> <span class='ocrx_word' id='word_1_61' title='bbox 816 939 950 1007; x_wconf 79' lang='lat' dir='ltr'><strong>Galliam,</strong></span> <span class='ocrx_word' id='word_1_62' title='bbox 976 939 1069 997; x_wconf 89' lang='lat' dir='ltr'><strong>Sicili-</strong></span> 
     </span>
     <span class='ocr_line' id='line_1_10' title="bbox 160 1015 1068 1094; baseline 0 -20"><span class='ocrx_word' id='word_1_63' title='bbox 160 1033 206 1074; x_wconf 90' lang='lat' dir='ltr'><strong>am</strong></span> <span class='ocrx_word' id='word_1_64' title='bbox 227 1030 323 1085; x_wconf 67' lang='lat' dir='ltr'><strong>ue‚‘ac</strong></span> <span class='ocrx_word' id='word_1_65' title='bbox 344 1015 502 1075; x_wconf 81' lang='lat' dir='ltr'><strong>Sardiniam</strong></span> <span class='ocrx_word' id='word_1_66' title='bbox 525 1015 666 1075; x_wconf 84' lang='lat' dir='ltr'><strong>obtineri:</strong></span> <span class='ocrx_word' id='word_1_67' title='bbox 688 1015 865 1094; x_wconf 86' lang='lat' dir='ltr'><strong>duabusque</strong></span> <span class='ocrx_word' id='word_1_68' title='bbox 887 1020 923 1082; x_wconf 76' lang='lat' dir='ltr'><strong>Q,</strong></span> <span class='ocrx_word' id='word_1_69' title='bbox 944 1017 1068 1074; x_wconf 88' lang='lat' dir='ltr'><strong>Fabium</strong></span> 
     </span>
     <span class='ocr_line' id='line_1_11' title="bbox 159 1092 1068 1170; baseline 0.001 -19"><span class='ocrx_word' id='word_1_70' title='bbox 159 1111 211 1170; x_wconf 91' lang='lat' dir='ltr'><strong>pra</strong></span> <span class='ocrx_word' id='word_1_71' title='bbox 242 1111 320 1152; x_wconf 90' lang='lat' dir='ltr'><strong>orem</strong></span> <span class='ocrx_word' id='word_1_72' title='bbox 355 1093 485 1169; x_wconf 76' lang='lat' dir='ltr'><strong>Apuliae,</strong></span> <span class='ocrx_word' id='word_1_73' title='bbox 520 1094 632 1152; x_wconf 88' lang='lat' dir='ltr'><strong>duabus</strong></span> <span class='ocrx_word' id='word_1_74' title='bbox 658 1093 792 1151; x_wconf 86' lang='lat' dir='ltr'><strong>volonum</strong></span> <span class='ocrx_word' id='word_1_75' title='bbox 819 1093 865 1152; x_wconf 89' lang='lat' dir='ltr'><strong>Ti.</strong></span> <span class='ocrx_word' id='word_1_76' title='bbox 895 1092 1068 1152; x_wconf 76' lang='lat' dir='ltr'><strong>&#39;Gracchum</strong></span> 
     </span>
     <span class='ocr_line' id='line_1_12' title="bbox 160 1170 1069 1249; baseline -0.004 -15"><span class='ocrx_word' id='word_1_77' title='bbox 160 1172 237 1234; x_wconf 69' lang='lat' dir='ltr'><strong>eirca</strong></span> <span class='ocrx_word' id='word_1_78' title='bbox 251 1170 400 1230; x_wconf 80' lang='lat' dir='ltr'><strong>Luceriam</strong></span> <span class='ocrx_word' id='word_1_79' title='bbox 415 1189 565 1247; x_wconf 74' lang='lat' dir='ltr'><strong>praeesset</strong></span> <span class='ocrx_word' id='word_1_80' title='bbox 598 1170 725 1248; x_wconf 82' lang='lat' dir='ltr'><strong>singulas</strong></span> <span class='ocrx_word' id='word_1_81' title='bbox 745 1171 781 1231; x_wconf 82' lang='lat' dir='ltr'><strong>C.</strong></span> <span class='ocrx_word' id='word_1_82' title='bbox 796 1171 931 1232; x_wconf 89' lang='lat' dir='ltr'><strong>Terentio</strong></span> <span class='ocrx_word' id='word_1_83' title='bbox 945 1190 1069 1249; x_wconf 92' lang='lat' dir='ltr'><strong>procon-</strong></span> 
     </span>
     <span class='ocr_line' id='line_1_13' title="bbox 161 1247 1069 1324; baseline 0.002 -18"><span class='ocrx_word' id='word_1_84' title='bbox 161 1249 215 1306; x_wconf 87' lang='lat' dir='ltr'><strong>suli</strong></span> <span class='ocrx_word' id='word_1_85' title='bbox 229 1247 266 1324; x_wconf 82' lang='lat' dir='ltr'><strong>ad</strong></span> <span class='ocrx_word' id='word_1_86' title='bbox 280 1248 427 1315; x_wconf 86' lang='lat' dir='ltr'><strong>Picenum,</strong></span> <span class='ocrx_word' id='word_1_87' title='bbox 451 1259 483 1306; x_wconf 89' lang='lat' dir='ltr'><strong>et</strong></span> <span class='ocrx_word' id='word_1_88' title='bbox 506 1249 550 1306; x_wconf 91' lang='lat' dir='ltr'><strong>M.</strong></span> <span class='ocrx_word' id='word_1_89' title='bbox 565 1247 681 1308; x_wconf 87' lang='lat' dir='ltr'><strong>Valerio</strong></span> <span class='ocrx_word' id='word_1_90' title='bbox 694 1249 731 1306; x_wconf 91' lang='lat' dir='ltr'><strong>ad</strong></span> <span class='ocrx_word' id='word_1_91' title='bbox 751 1251 871 1309; x_wconf 80' lang='lat' dir='ltr'><strong>classem</strong></span> <span class='ocrx_word' id='word_1_92' title='bbox 885 1251 1069 1310; x_wconf 82' lang='lat' dir='ltr'><strong>citcaBrun·</strong></span> 
     </span>
     <span class='ocr_line' id='line_1_14' title="bbox 159 1321 1070 1401; baseline 0.007 -21"><span class='ocrx_word' id='word_1_93' title='bbox 159 1324 272 1391; x_wconf 89' lang='lat' dir='ltr'><strong>disium,</strong></span> <span class='ocrx_word' id='word_1_94' title='bbox 286 1324 416 1399; x_wconf 86' lang='lat' dir='ltr'><strong>relinqui,</strong></span> <span class='ocrx_word' id='word_1_95' title='bbox 436 1334 465 1382; x_wconf 87' lang='lat' dir='ltr'><strong>et</strong></span> <span class='ocrx_word' id='word_1_96' title='bbox 479 1321 552 1384; x_wconf 85' lang='lat' dir='ltr'><strong>duas</strong></span> <span class='ocrx_word' id='word_1_97' title='bbox 573 1326 637 1383; x_wconf 93' lang='lat' dir='ltr'><strong>urbi</strong></span> <span class='ocrx_word' id='word_1_98' title='bbox 661 1325 803 1401; x_wconf 89' lang='lat' dir='ltr'><strong>praesidio</strong></span> <span class='ocrx_word' id='word_1_99' title='bbox 827 1347 900 1388; x_wconf 83' lang='lat' dir='ltr'><strong>esse.</strong></span> <span class='ocrx_word' id='word_1_100' title='bbox 954 1327 1013 1387; x_wconf 93' lang='lat' dir='ltr'><strong>Hic</strong></span> <span class='ocrx_word' id='word_1_101' title='bbox 1035 1337 1070 1386; x_wconf 88' lang='lat' dir='ltr'><strong>ut</strong></span> 
     </span>
     <span class='ocr_line' id='line_1_15' title="bbox 160 1400 1070 1480; baseline 0.005 -22"><span class='ocrx_word' id='word_1_102' title='bbox 160 1417 294 1458; x_wconf 88' lang='lat' dir='ltr'><strong>numerus</strong></span> <span class='ocrx_word' id='word_1_103' title='bbox 307 1400 453 1476; x_wconf 86' lang='lat' dir='ltr'><strong>legionum</strong></span> <span class='ocrx_word' id='word_1_104' title='bbox 465 1401 637 1480; x_wconf 84' lang='lat' dir='ltr'><strong>expleretur,</strong></span> <span class='ocrx_word' id='word_1_105' title='bbox 658 1421 708 1460; x_wconf 87' lang='lat' dir='ltr'><strong>sex</strong></span> <span class='ocrx_word' id='word_1_106' title='bbox 723 1421 815 1462; x_wconf 92' lang='lat' dir='ltr'><strong>novae</strong></span> <span class='ocrx_word' id='word_1_107' title='bbox 838 1405 967 1477; x_wconf 85' lang='lat' dir='ltr'><strong>legiones</strong></span> <span class='ocrx_word' id='word_1_108' title='bbox 987 1417 1070 1464; x_wconf 92' lang='lat' dir='ltr'><strong>erant</strong></span> 
     </span>
     <span class='ocr_line' id='line_1_16' title="bbox 160 1477 1072 1558; baseline 0.008 -22"><span class='ocrx_word' id='word_1_109' title='bbox 160 1477 339 1537; x_wconf 86' lang='lat' dir='ltr'><strong>scribendae.</strong></span> <span class='ocrx_word' id='word_1_110' title='bbox 357 1495 407 1537; x_wconf 92' lang='lat' dir='ltr'><strong>eas</strong></span> <span class='ocrx_word' id='word_1_111' title='bbox 421 1479 512 1557; x_wconf 90' lang='lat' dir='ltr'><strong>primo</strong></span> <span class='ocrx_word' id='word_1_112' title='bbox 526 1497 640 1558; x_wconf 89' lang='lat' dir='ltr'><strong>quoque</strong></span> <span class='ocrx_word' id='word_1_113' title='bbox 652 1489 781 1558; x_wconf 90' lang='lat' dir='ltr'><strong>tempore</strong></span> <span class='ocrx_word' id='word_1_114' title='bbox 803 1483 937 1540; x_wconf 84' lang='lat' dir='ltr'><strong>consuler</strong></span> <span class='ocrx_word' id='word_1_115' title='bbox 961 1483 1072 1542; x_wconf 86' lang='lat' dir='ltr'><strong>scribe-</strong></span> 
     </span>
     <span class='ocr_line' id='line_1_17' title="bbox 161 1555 1070 1636; baseline 0.004 -22"><span class='ocrx_word' id='word_1_116' title='bbox 161 1577 193 1616; x_wconf 88' lang='lat' dir='ltr'><strong>re</strong></span> <span class='ocrx_word' id='word_1_117' title='bbox 212 1555 293 1634; x_wconf 85' lang='lat' dir='ltr'><strong>jussi,</strong></span> <span class='ocrx_word' id='word_1_118' title='bbox 308 1566 338 1616; x_wconf 89' lang='lat' dir='ltr'><strong>et</strong></span> <span class='ocrx_word' id='word_1_119' title='bbox 351 1557 473 1616; x_wconf 83' lang='lat' dir='ltr'><strong>classem</strong></span> <span class='ocrx_word' id='word_1_120' title='bbox 494 1573 610 1636; x_wconf 87' lang='lat' dir='ltr'><strong>parare;</strong></span> <span class='ocrx_word' id='word_1_121' title='bbox 639 1569 673 1615; x_wconf 90' lang='lat' dir='ltr'><strong>ut</strong></span> <span class='ocrx_word' id='word_1_122' title='bbox 694 1577 761 1617; x_wconf 91' lang='lat' dir='ltr'><strong>curn</strong></span> <span class='ocrx_word' id='word_1_123' title='bbox 784 1558 824 1619; x_wconf 91' lang='lat' dir='ltr'><strong>eis</strong></span> <span class='ocrx_word' id='word_1_124' title='bbox 845 1560 974 1628; x_wconf 86' lang='lat' dir='ltr'><strong>navibus,</strong></span> <span class='ocrx_word' id='word_1_125' title='bbox 995 1578 1070 1636; x_wconf 89' lang='lat' dir='ltr'><strong>quae</strong></span> 
     </span>
    </p>
   </div>
   <div class='ocr_carea' id='block_1_4' title="bbox 161 1633 1187 1714">
    <p class='ocr_par' dir='ltr' id='par_1_5' title="bbox 161 1633 1187 1714">
     <span class='ocr_line' id='line_1_18' title="bbox 161 1633 1187 1714; baseline 0 -22"><span class='ocrx_word' id='word_1_126' title='bbox 161 1654 213 1714; x_wconf 90' lang='lat' dir='ltr'><strong>pro</strong></span> <span class='ocrx_word' id='word_1_127' title='bbox 241 1635 393 1695; x_wconf 86' lang='lat' dir='ltr'><strong>Calabriae</strong></span> <span class='ocrx_word' id='word_1_128' title='bbox 425 1637 569 1696; x_wconf 85' lang='lat' dir='ltr'><strong>littoribus</strong></span> <span class='ocrx_word' id='word_1_129' title='bbox 595 1633 625 1694; x_wconf 88' lang='lat' dir='ltr'><strong>in</strong></span> <span class='ocrx_word' id='word_1_130' title='bbox 657 1637 795 1696; x_wconf 81' lang='lat' dir='ltr'><strong>statione,</strong></span> <span class='ocrx_word' id='word_1_131' title='bbox 812 1649 918 1706; x_wconf 88' lang='lat' dir='ltr'><strong>essent,</strong></span> <span class='ocrx_word' id='word_1_132' title='bbox 953 1639 1082 1696; x_wconf 69' lang='lat' dir='ltr'><strong>centurn*</strong></span> <span class='ocrx_word' id='word_1_133' title='bbox 1186 1675 1187 1692; x_wconf 55' lang='grc' dir='ltr'><strong>ι</strong></span> 
     </span>
    </p>
   </div>
   <div class='ocr_carea' id='block_1_5' title="bbox 161 1713 1118 3576">
    <p class='ocr_par' dir='ltr' id='par_1_6' title="bbox 95 1713 1118 3576">
     <span class='ocr_line' id='line_1_19' title="bbox 161 1713 1072 1794; baseline 0.002 -22"><span class='ocrx_word' id='word_1_134' title='bbox 161 1713 368 1794; x_wconf 83' lang='lat' dir='ltr'><strong>quinquaginta</strong></span> <span class='ocrx_word' id='word_1_135' title='bbox 388 1714 537 1794; x_wconf 85' lang='lat' dir='ltr'><strong>longarum</strong></span> <span class='ocrx_word' id='word_1_136' title='bbox 560 1715 674 1772; x_wconf 87' lang='lat' dir='ltr'><strong>navium</strong></span> <span class='ocrx_word' id='word_1_137' title='bbox 697 1715 854 1786; x_wconf 73' lang='lat' dir='ltr'><strong>classiaco</strong></span> <span class='ocrx_word' id='word_1_138' title='bbox 877 1733 953 1772; x_wconf 86' lang='lat' dir='ltr'><strong>anno</strong></span> <span class='ocrx_word' id='word_1_139' title='bbox 973 1715 1072 1792; x_wconf 87' lang='lat' dir='ltr'><strong>exple-</strong></span> 
     </span>
     <span class='ocr_line' id='line_1_20' title="bbox 162 1789 1073 1850; baseline -0.001 0"><span class='ocrx_word' id='word_1_140' title='bbox 162 1803 250 1850; x_wconf 84' lang='lat' dir='ltr'><strong>retur.</strong></span> <span class='ocrx_word' id='word_1_141' title='bbox 292 1793 430 1850; x_wconf 78' lang='lat' dir='ltr'><strong>Detecm</strong></span> <span class='ocrx_word' id='word_1_142' title='bbox 453 1791 551 1849; x_wconf 89' lang='lat' dir='ltr'><strong>habito</strong></span> <span class='ocrx_word' id='word_1_143' title='bbox 573 1802 604 1848; x_wconf 88' lang='lat' dir='ltr'><strong>et</strong></span> <span class='ocrx_word' id='word_1_144' title='bbox 626 1799 742 1847; x_wconf 89' lang='lat' dir='ltr'><strong>centum</strong></span> <span class='ocrx_word' id='word_1_145' title='bbox 767 1789 886 1846; x_wconf 82' lang='lat' dir='ltr'><strong>navibus</strong></span> <span class='ocrx_word' id='word_1_146' title='bbox 911 1791 992 1848; x_wconf 89' lang='lat' dir='ltr'><strong>novis</strong></span> <span class='ocrx_word' id='word_1_147' title='bbox 1019 1792 1073 1850; x_wconf 53' lang='lat' dir='ltr'><strong>de}</strong></span> 
     </span>
     <span class='ocr_line' id='line_1_21' title="bbox 163 1864 1071 1940; baseline 0.003 -13"><span class='ocrx_word' id='word_1_148' title='bbox 163 1869 268 1938; x_wconf 91' lang='lat' dir='ltr'><strong>ductis,</strong></span> <span class='ocrx_word' id='word_1_149' title='bbox 291 1872 327 1932; x_wconf 83' lang='lat' dir='ltr'><strong>Q.</strong></span> <span class='ocrx_word' id='word_1_150' title='bbox 350 1868 455 1926; x_wconf 90' lang='lat' dir='ltr'><strong>Fabius</strong></span> <span class='ocrx_word' id='word_1_151' title='bbox 477 1866 593 1924; x_wconf 88' lang='lat' dir='ltr'><strong>comitia</strong></span> <span class='ocrx_word' id='word_1_152' title='bbox 615 1864 782 1924; x_wconf 86' lang='lat' dir='ltr'><strong>censoribus</strong></span> <span class='ocrx_word' id='word_1_153' title='bbox 804 1867 936 1926; x_wconf 88' lang='lat' dir='ltr'><strong>creandis</strong></span> <span class='ocrx_word' id='word_1_154' title='bbox 958 1867 1071 1940; x_wconf 85' lang='lat' dir='ltr'><strong>habuit.</strong></span> 
     </span>
     <span class='ocr_line' id='line_1_22' title="bbox 163 1940 1118 2019; baseline 0.002 -15"><span class='ocrx_word' id='word_1_155' title='bbox 163 1947 253 2004; x_wconf 89' lang='lat' dir='ltr'><strong>creati</strong></span> <span class='ocrx_word' id='word_1_156' title='bbox 268 1945 311 2002; x_wconf 90' lang='lat' dir='ltr'><strong>M.</strong></span> <span class='ocrx_word' id='word_1_157' title='bbox 326 1942 433 2000; x_wconf 86' lang='lat' dir='ltr'><strong>Atilius</strong></span> <span class='ocrx_word' id='word_1_158' title='bbox 448 1943 577 2019; x_wconf 87' lang='lat' dir='ltr'><strong>Regulus</strong></span> <span class='ocrx_word' id='word_1_159' title='bbox 598 1955 628 2002; x_wconf 88' lang='lat' dir='ltr'><strong>et</strong></span> <span class='ocrx_word' id='word_1_160' title='bbox 650 1943 684 2002; x_wconf 90' lang='lat' dir='ltr'><strong>P.</strong></span> <span class='ocrx_word' id='word_1_161' title='bbox 699 1940 799 2004; x_wconf 86' lang='lat' dir='ltr'><strong>Furius</strong></span> <span class='ocrx_word' id='word_1_162' title='bbox 823 1943 932 2004; x_wconf 88' lang='lat' dir='ltr'><strong>Philus.</strong></span> <span class='ocrx_word' id='word_1_163' title='bbox 972 1948 1071 2012; x_wconf 83' lang='lat' dir='ltr'><strong>Quum</strong></span> <span class='ocrx_word' id='word_1_164' title='bbox 1114 2003 1118 2006; x_wconf 16' lang='grc' dir='ltr'><em>Α</em></span> 
     </span>
     <span class='ocr_line' id='line_1_23' title="bbox 163 2019 1072 2094; baseline 0.002 -14"><span class='ocrx_word' id='word_1_165' title='bbox 163 2019 386 2081; x_wconf 85' lang='lat' dir='ltr'><strong>increbresceret</strong></span> <span class='ocrx_word' id='word_1_166' title='bbox 400 2036 505 2094; x_wconf 87' lang='lat' dir='ltr'><strong>rumor,</strong></span> <span class='ocrx_word' id='word_1_167' title='bbox 526 2021 635 2081; x_wconf 88' lang='lat' dir='ltr'><strong>bellum</strong></span> <span class='ocrx_word' id='word_1_168' title='bbox 658 2022 687 2080; x_wconf 89' lang='lat' dir='ltr'><strong>in</strong></span> <span class='ocrx_word' id='word_1_169' title='bbox 710 2022 807 2082; x_wconf 87' lang='lat' dir='ltr'><strong>Sicilia</strong></span> <span class='ocrx_word' id='word_1_170' title='bbox 820 2041 893 2094; x_wconf 87' lang='lat' dir='ltr'><strong>esse,</strong></span> <span class='ocrx_word' id='word_1_171' title='bbox 914 2023 950 2082; x_wconf 88' lang='lat' dir='ltr'><strong>T.</strong></span> <span class='ocrx_word' id='word_1_172' title='bbox 971 2024 1072 2083; x_wconf 88' lang='lat' dir='ltr'><strong>Otaci-</strong></span> 
     </span>
     <span class='ocr_line' id='line_1_24' title="bbox 164 2095 1072 2179; baseline 0.003 -22"><span class='ocrx_word' id='word_1_173' title='bbox 164 2099 218 2157; x_wconf 86' lang='lat' dir='ltr'><strong>lius</strong></span> <span class='ocrx_word' id='word_1_174' title='bbox 231 2117 267 2156; x_wconf 91' lang='lat' dir='ltr'><strong>eo</strong></span> <span class='ocrx_word' id='word_1_175' title='bbox 280 2115 347 2154; x_wconf 88' lang='lat' dir='ltr'><strong>cum</strong></span> <span class='ocrx_word' id='word_1_176' title='bbox 361 2095 453 2158; x_wconf 87' lang='lat' dir='ltr'><strong>classe</strong></span> <span class='ocrx_word' id='word_1_177' title='bbox 466 2099 606 2177; x_wconf 89' lang='lat' dir='ltr'><strong>proficisci</strong></span> <span class='ocrx_word' id='word_1_178' title='bbox 623 2104 720 2179; x_wconf 81' lang='lat' dir='ltr'><strong>Jussus</strong></span> <span class='ocrx_word' id='word_1_179' title='bbox 732 2109 786 2158; x_wconf 87' lang='lat' dir='ltr'><strong>est.</strong></span> <span class='ocrx_word' id='word_1_180' title='bbox 826 2103 923 2167; x_wconf 83' lang='lat' dir='ltr'><strong>Quum</strong></span> <span class='ocrx_word' id='word_1_181' title='bbox 937 2102 1072 2161; x_wconf 88' lang='lat' dir='ltr'><strong>deessent</strong></span> 
     </span>
     <span class='ocr_line' id='line_1_25' title="bbox 163 2177 1071 2256; baseline 0.004 -23"><span class='ocrx_word' id='word_1_182' title='bbox 163 2185 279 2244; x_wconf 89' lang='lat' dir='ltr'><strong>nautae,</strong></span> <span class='ocrx_word' id='word_1_183' title='bbox 298 2177 431 2236; x_wconf 88' lang='lat' dir='ltr'><strong>consules</strong></span> <span class='ocrx_word' id='word_1_184' title='bbox 452 2197 489 2236; x_wconf 87' lang='lat' dir='ltr'><strong>ex</strong></span> <span class='ocrx_word' id='word_1_185' title='bbox 502 2187 618 2236; x_wconf 89' lang='lat' dir='ltr'><strong>senatus</strong></span> <span class='ocrx_word' id='word_1_186' title='bbox 631 2178 762 2237; x_wconf 87' lang='lat' dir='ltr'><strong>consulto</strong></span> <span class='ocrx_word' id='word_1_187' title='bbox 776 2178 934 2247; x_wconf 78' lang='lat' dir='ltr'><strong>edixerunt,</strong></span> <span class='ocrx_word' id='word_1_188' title='bbox 949 2189 990 2248; x_wconf 87' lang='lat' dir='ltr'><strong>nt,</strong></span> <span class='ocrx_word' id='word_1_189' title='bbox 1011 2181 1071 2256; x_wconf 91' lang='lat' dir='ltr'><strong>qui,</strong></span> 
     </span>
     <span class='ocr_line' id='line_1_26' title="bbox 163 2252 1073 2333; baseline 0.004 -23"><span class='ocrx_word' id='word_1_190' title='bbox 163 2252 201 2311; x_wconf 87' lang='lat' dir='ltr'><strong>L.</strong></span> <span class='ocrx_word' id='word_1_191' title='bbox 215 2253 350 2323; x_wconf 88' lang='lat' dir='ltr'><strong>Aemilio,</strong></span> <span class='ocrx_word' id='word_1_192' title='bbox 374 2256 407 2313; x_wconf 89' lang='lat' dir='ltr'><strong>C.</strong></span> <span class='ocrx_word' id='word_1_193' title='bbox 422 2254 560 2312; x_wconf 87' lang='lat' dir='ltr'><strong>Flaminio</strong></span> <span class='ocrx_word' id='word_1_194' title='bbox 573 2255 749 2323; x_wconf 88' lang='lat' dir='ltr'><strong>censoribus,</strong></span> <span class='ocrx_word' id='word_1_195' title='bbox 764 2255 888 2312; x_wconf 89' lang='lat' dir='ltr'><strong>millibus</strong></span> <span class='ocrx_word' id='word_1_196' title='bbox 901 2256 974 2314; x_wconf 88' lang='lat' dir='ltr'><strong>aeris</strong></span> <span class='ocrx_word' id='word_1_197' title='bbox 988 2259 1073 2333; x_wconf 90' lang='lat' dir='ltr'><strong>quin-</strong></span> 
     </span>
     <span class='ocr_line' id='line_1_27' title="bbox 164 2329 1073 2411; baseline 0.004 -21"><span class='ocrx_word' id='word_1_198' title='bbox 164 2331 309 2410; x_wconf 83' lang='lat' dir='ltr'><strong>quaginta,</strong></span> <span class='ocrx_word' id='word_1_199' title='bbox 329 2329 391 2407; x_wconf 80' lang='lat' dir='ltr'><strong>ipse</strong></span> <span class='ocrx_word' id='word_1_200' title='bbox 415 2343 464 2389; x_wconf 88' lang='lat' dir='ltr'><strong>aut</strong></span> <span class='ocrx_word' id='word_1_201' title='bbox 485 2343 567 2408; x_wconf 85' lang='lat' dir='ltr'><strong>pater</strong></span> <span class='ocrx_word' id='word_1_202' title='bbox 589 2335 660 2409; x_wconf 89' lang='lat' dir='ltr'><strong>ejus,</strong></span> <span class='ocrx_word' id='word_1_203' title='bbox 680 2349 783 2390; x_wconf 88' lang='lat' dir='ltr'><strong>census</strong></span> <span class='ocrx_word' id='word_1_204' title='bbox 795 2332 904 2401; x_wconf 87' lang='lat' dir='ltr'><strong>fuisset,</strong></span> <span class='ocrx_word' id='word_1_205' title='bbox 928 2336 1073 2411; x_wconf 87' lang='lat' dir='ltr'><strong>usquead</strong></span> 
     </span>
     <span class='ocr_line' id='line_1_28' title="bbox 164 2409 1073 2487; baseline 0.002 -18"><span class='ocrx_word' id='word_1_206' title='bbox 164 2421 283 2470; x_wconf 88' lang='lat' dir='ltr'><strong>centum</strong></span> <span class='ocrx_word' id='word_1_207' title='bbox 296 2409 392 2478; x_wconf 91' lang='lat' dir='ltr'><strong>millia,</strong></span> <span class='ocrx_word' id='word_1_208' title='bbox 401 2421 451 2468; x_wconf 91' lang='lat' dir='ltr'><strong>aut</strong></span> <span class='ocrx_word' id='word_1_209' title='bbox 464 2410 509 2468; x_wconf 90' lang='lat' dir='ltr'><strong>cui</strong></span> <span class='ocrx_word' id='word_1_210' title='bbox 520 2419 620 2487; x_wconf 86' lang='lat' dir='ltr'><strong>postea</strong></span> <span class='ocrx_word' id='word_1_211' title='bbox 630 2427 674 2468; x_wconf 89' lang='lat' dir='ltr'><strong>res</strong></span> <span class='ocrx_word' id='word_1_212' title='bbox 682 2421 765 2468; x_wconf 90' lang='lat' dir='ltr'><strong>tanta</strong></span> <span class='ocrx_word' id='word_1_213' title='bbox 773 2419 849 2470; x_wconf 89' lang='lat' dir='ltr'><strong>esset</strong></span> <span class='ocrx_word' id='word_1_214' title='bbox 857 2410 945 2480; x_wconf 86' lang='lat' dir='ltr'><strong>iacta,</strong></span> <span class='ocrx_word' id='word_1_215' title='bbox 954 2425 1073 2471; x_wconf 90' lang='lat' dir='ltr'><strong>nautam</strong></span> 
     </span>
     <span class='ocr_line' id='line_1_29' title="bbox 167 2487 1074 2568; baseline 0.001 -21"><span class='ocrx_word' id='word_1_216' title='bbox 167 2497 258 2548; x_wconf 83' lang='lat' dir='ltr'><strong>noum</strong></span> <span class='ocrx_word' id='word_1_217' title='bbox 284 2507 349 2546; x_wconf 89' lang='lat' dir='ltr'><strong>cunr</strong></span> <span class='ocrx_word' id='word_1_218' title='bbox 377 2506 428 2546; x_wconf 87' lang='lat' dir='ltr'><strong>sex</strong></span> <span class='ocrx_word' id='word_1_219' title='bbox 444 2487 591 2568; x_wconf 85' lang='lat' dir='ltr'><strong>¹mensium</strong></span> <span class='ocrx_word' id='word_1_220' title='bbox 616 2487 756 2566; x_wconf 88' lang='lat' dir='ltr'><strong>stipendio</strong></span> <span class='ocrx_word' id='word_1_221' title='bbox 780 2489 880 2547; x_wconf 87' lang='lat' dir='ltr'><strong>daret:</strong></span> <span class='ocrx_word' id='word_1_222' title='bbox 915 2490 962 2566; x_wconf 91' lang='lat' dir='ltr'><strong>qui</strong></span> <span class='ocrx_word' id='word_1_223' title='bbox 985 2509 1074 2566; x_wconf 88' lang='lat' dir='ltr'><strong>supra</strong></span> 
     </span>
     <span class='ocr_line' id='line_1_30' title="bbox 165 2565 1081 2644; baseline 0 -17"><span class='ocrx_word' id='word_1_224' title='bbox 165 2579 285 2628; x_wconf 86' lang='lat' dir='ltr'><strong>centum</strong></span> <span class='ocrx_word' id='word_1_225' title='bbox 310 2565 407 2635; x_wconf 89' lang='lat' dir='ltr'><strong>millia,</strong></span> <span class='ocrx_word' id='word_1_226' title='bbox 438 2585 529 2644; x_wconf 90' lang='lat' dir='ltr'><strong>usque</strong></span> <span class='ocrx_word' id='word_1_227' title='bbox 553 2567 589 2624; x_wconf 91' lang='lat' dir='ltr'><strong>ad</strong></span> <span class='ocrx_word' id='word_1_228' title='bbox 617 2577 745 2626; x_wconf 86' lang='lat' dir='ltr'><strong>trecenta</strong></span> <span class='ocrx_word' id='word_1_229' title='bbox 768 2566 865 2635; x_wconf 82' lang='lat' dir='ltr'><strong>millia,</strong></span> <span class='ocrx_word' id='word_1_230' title='bbox 892 2577 950 2625; x_wconf 89' lang='lat' dir='ltr'><strong>tres</strong></span> <span class='ocrx_word' id='word_1_231' title='bbox 969 2566 1081 2627; x_wconf 81' lang='lat' dir='ltr'><strong>nautas&#39;</strong></span> 
     </span>
     <span class='ocr_line' id='line_1_31' title="bbox 166 2643 1074 2723; baseline 0 -19"><span class='ocrx_word' id='word_1_232' title='bbox 166 2665 235 2704; x_wconf 87' lang='lat' dir='ltr'><strong>cum</strong></span> <span class='ocrx_word' id='word_1_233' title='bbox 249 2643 389 2722; x_wconf 84' lang='lat' dir='ltr'><strong>stipendio</strong></span> <span class='ocrx_word' id='word_1_234' title='bbox 403 2663 517 2704; x_wconf 87' lang='lat' dir='ltr'><strong>annuo:</strong></span> <span class='ocrx_word' id='word_1_235' title='bbox 547 2645 595 2723; x_wconf 91' lang='lat' dir='ltr'><strong>qui</strong></span> <span class='ocrx_word' id='word_1_236' title='bbox 619 2643 703 2722; x_wconf 88' lang='lat' dir='ltr'><strong>supra</strong></span> <span class='ocrx_word' id='word_1_237' title='bbox 722 2655 854 2704; x_wconf 81' lang='lat' dir='ltr'><strong>trecenta</strong></span> <span class='ocrx_word' id='word_1_238' title='bbox 866 2645 961 2716; x_wconf 91' lang='lat' dir='ltr'><strong>millia,</strong></span> <span class='ocrx_word' id='word_1_239' title='bbox 983 2663 1074 2723; x_wconf 88' lang='lat' dir='ltr'><strong>usque</strong></span> 
     </span>
     <span class='ocr_line' id='line_1_32' title="bbox 166 2721 1074 2801; baseline 0 -20"><span class='ocrx_word' id='word_1_240' title='bbox 166 2722 205 2781; x_wconf 82' lang='lat' dir='ltr'><strong>ad</strong></span> <span class='ocrx_word' id='word_1_241' title='bbox 218 2722 314 2779; x_wconf 90' lang='lat' dir='ltr'><strong>decies</strong></span> <span class='ocrx_word' id='word_1_242' title='bbox 328 2724 410 2792; x_wconf 86' lang='lat' dir='ltr'><strong>aeris,</strong></span> <span class='ocrx_word' id='word_1_243' title='bbox 424 2724 548 2801; x_wconf 91' lang='lat' dir='ltr'><strong>quinque</strong></span> <span class='ocrx_word' id='word_1_244' title='bbox 561 2721 682 2782; x_wconf 86' lang='lat' dir='ltr'><strong>nautas:</strong></span> <span class='ocrx_word' id='word_1_245' title='bbox 713 2723 761 2799; x_wconf 93' lang='lat' dir='ltr'><strong>qui</strong></span> <span class='ocrx_word' id='word_1_246' title='bbox 784 2739 869 2798; x_wconf 87' lang='lat' dir='ltr'><strong>supra</strong></span> <span class='ocrx_word' id='word_1_247' title='bbox 882 2723 987 2790; x_wconf 86' lang='lat' dir='ltr'><strong>decies,</strong></span> <span class='ocrx_word' id='word_1_248' title='bbox 1009 2741 1074 2800; x_wconf 90' lang='lat' dir='ltr'><strong>sep·</strong></span> 
     </span>
     <span class='ocr_line' id='line_1_33' title="bbox 166 2797 1074 2874; baseline 0.001 -17"><span class='ocrx_word' id='word_1_249' title='bbox 166 2810 245 2857; x_wconf 86' lang='lat' dir='ltr'><strong>tem:</strong></span> <span class='ocrx_word' id='word_1_250' title='bbox 275 2797 421 2856; x_wconf 85' lang='lat' dir='ltr'><strong>senatores</strong></span> <span class='ocrx_word' id='word_1_251' title='bbox 448 2811 515 2858; x_wconf 89' lang='lat' dir='ltr'><strong>octo</strong></span> <span class='ocrx_word' id='word_1_252' title='bbox 536 2815 638 2858; x_wconf 87' lang='lat' dir='ltr'><strong>nautas</strong></span> <span class='ocrx_word' id='word_1_253' title='bbox 661 2817 727 2857; x_wconf 90' lang='lat' dir='ltr'><strong>cunr</strong></span> <span class='ocrx_word' id='word_1_254' title='bbox 751 2817 846 2856; x_wconf 90' lang='lat' dir='ltr'><strong>annuo</strong></span> <span class='ocrx_word' id='word_1_255' title='bbox 866 2799 1007 2874; x_wconf 88' lang='lat' dir='ltr'><strong>stipendio</strong></span> <span class='ocrx_word' id='word_1_256' title='bbox 1021 2802 1074 2858; x_wconf 89' lang='lat' dir='ltr'><strong>da·</strong></span> 
     </span>
     <span class='ocr_line' id='line_1_34' title="bbox 166 2872 1075 2954; baseline 0 -19"><span class='ocrx_word' id='word_1_257' title='bbox 166 2883 239 2934; x_wconf 85' lang='lat' dir='ltr'><strong>rent.</strong></span> <span class='ocrx_word' id='word_1_258' title='bbox 281 2872 326 2929; x_wconf 81' lang='lat' dir='ltr'><strong>Ex</strong></span> <span class='ocrx_word' id='word_1_259' title='bbox 350 2875 406 2931; x_wconf 89' lang='lat' dir='ltr'><strong>hoc</strong></span> <span class='ocrx_word' id='word_1_260' title='bbox 427 2875 521 2932; x_wconf 87' lang='lat' dir='ltr'><strong>edicto</strong></span> <span class='ocrx_word' id='word_1_261' title='bbox 540 2875 601 2932; x_wconf 89' lang='lat' dir='ltr'><strong>dati</strong></span> <span class='ocrx_word' id='word_1_262' title='bbox 624 2885 738 2942; x_wconf 88' lang='lat' dir='ltr'><strong>nautae,</strong></span> <span class='ocrx_word' id='word_1_263' title='bbox 762 2875 863 2931; x_wconf 87' lang='lat' dir='ltr'><strong>armati</strong></span> <span class='ocrx_word' id='word_1_264' title='bbox 885 2875 1075 2954; x_wconf 86' lang='lat' dir='ltr'><strong>instructique</strong></span> 
     </span>
     <span class='ocr_line' id='line_1_35' title="bbox 169 2949 1087 3024; baseline 0.007 -17"><span class='ocrx_word' id='word_1_265' title='bbox 169 2953 206 3012; x_wconf 81' lang='lat' dir='ltr'><strong>ab</strong></span> <span class='ocrx_word' id='word_1_266' title='bbox 228 2949 360 3018; x_wconf 84' lang='lat' dir='ltr'><strong>dominis,</strong></span> <span class='ocrx_word' id='word_1_267' title='bbox 376 2967 443 3006; x_wconf 93' lang='lat' dir='ltr'><strong>cum</strong></span> <span class='ocrx_word' id='word_1_268' title='bbox 465 2950 582 3024; x_wconf 84' lang='lat' dir='ltr'><strong>triginta</strong></span> <span class='ocrx_word' id='word_1_269' title='bbox 604 2950 713 3007; x_wconf 85' lang='lat' dir='ltr'><strong>dierum</strong></span> <span class='ocrx_word' id='word_1_270' title='bbox 737 2949 827 3008; x_wconf 88' lang='lat' dir='ltr'><strong>coctis</strong></span> <span class='ocrx_word' id='word_1_271' title='bbox 850 2951 963 3010; x_wconf 88' lang='lat' dir='ltr'><strong>cibariis</strong></span> <span class='ocrx_word' id='word_1_272' title='bbox 986 2971 1087 3013; x_wconf 81' lang='lat' dir='ltr'><strong>naves</strong></span> 
     </span>
     <span class='ocr_line' id='line_1_36' title="bbox 169 3025 1075 3104; baseline 0 -14"><span class='ocrx_word' id='word_1_273' title='bbox 169 3026 405 3090; x_wconf 85' lang='lat' dir='ltr'><strong>conscenderant.</strong></span> <span class='ocrx_word' id='word_1_274' title='bbox 458 3025 534 3083; x_wconf 87' lang='lat' dir='ltr'><strong>Tum</strong></span> <span class='ocrx_word' id='word_1_275' title='bbox 558 3025 681 3104; x_wconf 79' lang='lat' dir='ltr'><strong>primum</strong></span> <span class='ocrx_word' id='word_1_276' title='bbox 702 3037 749 3085; x_wconf 86' lang='lat' dir='ltr'><strong>est</strong></span> <span class='ocrx_word' id='word_1_277' title='bbox 774 3025 892 3096; x_wconf 84' lang='lat' dir='ltr'><strong>factum,</strong></span> <span class='ocrx_word' id='word_1_278' title='bbox 920 3040 952 3086; x_wconf 91' lang='lat' dir='ltr'><strong>ut</strong></span> <span class='ocrx_word' id='word_1_279' title='bbox 976 3032 1075 3090; x_wconf 87' lang='lat' dir='ltr'><strong>classis</strong></span> 
     </span>
     <span class='ocr_line' id='line_1_37' title="bbox 171 3100 1074 3184; baseline 0 -18"><span class='ocrx_word' id='word_1_280' title='bbox 171 3110 303 3167; x_wconf 89' lang='lat' dir='ltr'><strong>Romana</strong></span> <span class='ocrx_word' id='word_1_281' title='bbox 315 3104 399 3164; x_wconf 88' lang='lat' dir='ltr'><strong>sociis</strong></span> <span class='ocrx_word' id='word_1_282' title='bbox 418 3103 567 3163; x_wconf 82' lang='lat' dir='ltr'><strong>navalibus</strong></span> <span class='ocrx_word' id='word_1_283' title='bbox 587 3104 697 3183; x_wconf 71' lang='lat' dir='ltr'><strong>privatis</strong></span> <span class='ocrx_word' id='word_1_284' title='bbox 719 3100 847 3184; x_wconf 74' lang='lat' dir='ltr'><strong>impensa</strong></span> <span class='ocrx_word' id='word_1_285' title='bbox 870 3107 977 3184; x_wconf 88' lang='lat' dir='ltr'><strong>paratis</strong></span> <span class='ocrx_word' id='word_1_286' title='bbox 997 3127 1074 3168; x_wconf 89' lang='lat' dir='ltr'><strong>com·</strong></span> 
     </span>
     <span class='ocr_line' id='line_1_38' title="bbox 165 3187 843 3244; baseline 0 -2"><span class='ocrx_word' id='word_1_287' title='bbox 165 3187 305 3244; x_wconf 63' lang='lat' dir='ltr'><strong>deretur.</strong></span> <span class='ocrx_word' id='word_1_288' title='bbox 560 3193 563 3204; x_wconf 91' lang='grc'><strong>’</strong></span> <span class='ocrx_word' id='word_1_289' title='bbox 653 3225 656 3230; x_wconf 82' lang='lat'>·</span> <span class='ocrx_word' id='word_1_290' title='bbox 841 3201 843 3208; x_wconf 89' lang='lat'>·</span> 
     </span>
     <span class='ocr_line' id='line_1_39' title="bbox 166 3203 1075 3339; baseline -0.004 -15"><span class='ocrx_word' id='word_1_291' title='bbox 166 3203 196 3324; x_wconf 52' lang='grc' dir='ltr'><strong>,μ’</strong></span> <span class='ocrx_word' id='word_1_292' title='bbox 211 3261 280 3320; x_wconf 87' lang='lat' dir='ltr'><strong>XII.</strong></span> <span class='ocrx_word' id='word_1_293' title='bbox 310 3261 374 3320; x_wconf 85' lang='lat' dir='ltr'><strong>Htc</strong></span> <span class='ocrx_word' id='word_1_294' title='bbox 395 3263 486 3339; x_wconf 82' lang='lat' dir='ltr'><strong>major</strong></span> <span class='ocrx_word' id='word_1_295' title='bbox 507 3259 591 3319; x_wconf 87' lang='lat' dir='ltr'><strong>solito</strong></span> <span class='ocrx_word' id='word_1_296' title='bbox 614 3273 631 3318; x_wconf 87' lang='lat' dir='ltr'><strong>a</strong></span> <span class='ocrx_word' id='word_1_297' title='bbox 703 3271 767 3320; x_wconf 87' lang='lat' dir='ltr'><strong>atus</strong></span> <span class='ocrx_word' id='word_1_298' title='bbox 789 3261 943 3339; x_wconf 88' lang='lat' dir='ltr'><strong>praecipue</strong></span> <span class='ocrx_word' id='word_1_299' title='bbox 963 3275 1075 3322; x_wconf 83' lang='lat' dir='ltr'><strong>conter-</strong></span> 
     </span>
     <span class='ocr_line' id='line_1_40' title="bbox 171 3279 1075 3418; baseline 0.001 -20"><span class='ocrx_word' id='word_1_300' title='bbox 171 3342 229 3400; x_wconf 89' lang='lat' dir='ltr'><strong>ruit</strong></span> <span class='ocrx_word' id='word_1_301' title='bbox 253 3333 424 3418; x_wconf 81' lang='lat' dir='ltr'><strong>Campanos,</strong></span> <span class='ocrx_word' id='word_1_302' title='bbox 447 3357 484 3398; x_wconf 90' lang='lat' dir='ltr'><strong>ne</strong></span> <span class='ocrx_word' id='word_1_303' title='bbox 505 3340 543 3396; x_wconf 89' lang='lat' dir='ltr'><strong>ab</strong></span> <span class='ocrx_word' id='word_1_304' title='bbox 567 3279 717 3398; x_wconf 59' lang='lat' dir='ltr'><strong>obsididrie</strong></span> <span class='ocrx_word' id='word_1_305' title='bbox 740 3338 858 3418; x_wconf 85' lang='lat' dir='ltr'><strong>Capuae</strong></span> <span class='ocrx_word' id='word_1_306' title='bbox 881 3340 990 3398; x_wconf 89' lang='lat' dir='ltr'><strong>bellum</strong></span> <span class='ocrx_word' id='word_1_307' title='bbox 1013 3344 1075 3417; x_wconf 78' lang='lat' dir='ltr'><strong>ejus</strong></span> 
     </span>
     <span class='ocr_line' id='line_1_41' title="bbox 171 3417 1074 3496; baseline 0.002 -21.845"><span class='ocrx_word' id='word_1_308' title='bbox 171 3419 239 3476; x_wconf 87' lang='lat' dir='ltr'><strong>anni</strong></span> <span class='ocrx_word' id='word_1_309' title='bbox 255 3417 378 3478; x_wconf 84' lang='lat' dir='ltr'><strong>Romani</strong></span> <span class='ocrx_word' id='word_1_310' title='bbox 392 3417 558 3496; x_wconf 79' lang='lat' dir='ltr'><strong>inciperent</strong></span> <span class='ocrx_word' id='word_1_311' title='bbox 587 3417 684 3495; x_wconf 84' lang='lat' dir='ltr'><strong>itaque</strong></span> <span class='ocrx_word' id='word_1_312' title='bbox 707 3419 817 3494; x_wconf 84' lang='lat' dir='ltr'><strong>legatos</strong></span> <span class='ocrx_word' id='word_1_313' title='bbox 829 3418 867 3476; x_wconf 88' lang='lat' dir='ltr'><strong>ad</strong></span> <span class='ocrx_word' id='word_1_314' title='bbox 882 3418 1074 3476; x_wconf 89' lang='lat' dir='ltr'><strong>Hannibalem</strong></span> 
     </span>
     <span class='ocr_line' id='line_1_42' title="bbox 167 3495 1076 3576; baseline 0.01 -29"><span class='ocrx_word' id='word_1_315' title='bbox 167 3505 284 3554; x_wconf 84' lang='lat' dir='ltr'><strong>eratum</strong></span> <span class='ocrx_word' id='word_1_316' title='bbox 296 3497 445 3571; x_wconf 77' lang='lat' dir='ltr'><strong>miserunt,</strong></span> <span class='ocrx_word' id='word_1_317' title='bbox 465 3505 498 3555; x_wconf 90' lang='lat' dir='ltr'><strong>ut</strong></span> <span class='ocrx_word' id='word_1_318' title='bbox 512 3495 642 3576; x_wconf 85' lang='lat' dir='ltr'><strong>Capuam</strong></span> <span class='ocrx_word' id='word_1_319' title='bbox 665 3496 823 3557; x_wconf 82' lang='lat' dir='ltr'><strong>exereitum</strong></span> <span class='ocrx_word' id='word_1_320' title='bbox 836 3496 1016 3557; x_wconf 76' lang='lat' dir='ltr'><strong>admoveret:</strong></span> <span class='ocrx_word' id='word_1_321' title='bbox 1037 3495 1076 3556; x_wconf 82' lang='lat' dir='ltr'><strong>ad</strong></span> 
     </span>
    </p>
   </div>
   <div class='ocr_carea' id='block_1_6' title="bbox 0 0 1222 3932">
    <p class='ocr_par' dir='ltr' id='par_1_7' title="bbox 0 0 1222 3932">
     <span class='ocr_line' id='line_1_43' title="bbox 0 0 1222 3932; baseline 0 0"><span class='ocrx_word' id='word_1_322' title='bbox 0 0 1222 3932; x_wconf 95' lang='lat' dir='ltr'><strong> </strong></span> 
     </span>
    </p>
   </div>
  </div>
 </body>
</html>
