2534 4010
466 201 631 276 trualt
663 210 765 274 xxu.
857 241 861 246 ·
1029 217 1069 279 tt

164 365 299 443 draginta
314 361 427 422 nanum
449 357 569 420 &snm
591 357 749 422 llimllcani
761 354 899 424 tmdiffite
917 364 1015 432 atqua,
1028 357 1070 416 its'

167 441 344 518 Karthagine
363 437 510 518 profectus
523 439 644 497 naribus
663 455 754 516 prope
774 447 889 503 terram,
909 431 1069 494 exercitum

168 522 197 578 in
220 521 312 580 littore
334 517 471 586 ducebat,
485 525 601 591 paratus
615 516 779 592 confligere,
793 529 973 591 quacumque
985 518 1069 590 parte

166 599 311 676 copiarum
337 595 430 653 hostis
455 591 635 651 occurrisset.
674 593 729 651 Cn.
751 590 886 682 Scipioni,
914 599 1066 669 postquam

166 676 288 734 movisse
309 693 347 733 ex
365 669 493 729 hibernis
506 668 620 727 hostem
633 669 750 738 audivit,
763 687 855 746 pnmo
867 669 945 729 idem
959 667 1070 727 canalii

164 753 220 812 fait
228 773 237 810 :
246 749 373 818 deinde,
395 749 491 806 minus
513 748 600 815 terri,
613 756 729 824 propter
741 747 885 823 ingentem
897 747 1004 805 famam
1017 765 1070 804 no-

164 845 267 890 vorum
289 827 468 894 auxiliorum,
488 841 659 884 concurrere
682 840 776 894 ausus,
796 824 909 884 delecto
929 825 1019 883 milite
1032 825 1072 882 ad

164 905 432 1045 ,mittit
442 901 1071 1042 ‘¹⁹t‘1tlt‘lt‘ttttlttth0lf

164 1063 283 1140 tionem,
297 1001 500 1129 decempmriillia
512 1076 648 1136 passuum
661 1057 816 1116 distantem
839 1056 877 1113 ab
897 1056 972 1114 ostio
995 1057 1072 1116 Iberi

163 1141 266 1208 amnis,
280 1138 419 1218 pervenit.
432 1137 499 1194 inda
523 1135 597 1193 duae
617 1135 843 1194 Massiliensium
866 1133 1073 1212 speculatoriae

165 1218 338 1296 praemissae
363 1214 534 1282 retulerunt,
553 1212 674 1271 classem
694 1212 834 1273 Punicam
855 1223 931 1270 stare
950 1209 979 1269 in
999 1211 1073 1272 ostio

164 1294 302 1363 finiminis,
314 1307 464 1370 castraque
483 1291 512 1350 in
532 1289 594 1368 ripa
613 1289 715 1368 posita.
756 1291 868 1369 Itaque,
889 1300 921 1348 ut
940 1289 1073 1368 improvi-

164 1373 220 1444 dos
231 1372 418 1449 incautosque
431 1369 563 1442 uniycrso
576 1368 660 1428 simul
683 1368 774 1428 effuso
798 1379 906 1428 terrore
928 1369 1071 1447 opprime·

69 1483 73 1490 =
164 1461 227 1520 ret,
240 1449 360 1509 sublatis
370 1448 494 1518 ¹arrcou's,
509 1447 547 1506 ad
569 1445 684 1506 hostem
704 1446 793 1506 vadit.
808 1488 812 1496 ι
832 1447 943 1504 Multas
956 1459 986 1506 et
998 1447 1070 1507 locis

164 1529 229 1588 altis
248 1527 357 1605 positas
376 1537 470 1585 turres
490 1525 633 1600 Hispania
651 1525 750 1595 babet,
771 1523 874 1602 quibus
894 1539 924 1584 et
948 1526 1072 1603 speculis

165 1619 196 1665 et
215 1602 437 1684 propugnaculis
455 1601 591 1660 musteus
609 1603 739 1661 'latrones
758 1613 890 1662 utuntur.
929 1603 1002 1663 Inde
1015 1605 1072 1680 pri-

165 1701 225 1751 mo,
238 1679 402 1757 conspectis
414 1678 541 1738 hostium
555 1679 684 1749 navibus,
698 1679 799 1739 datum
813 1681 926 1757 signum
940 1682 1073 1740 Hasdru-

163 1759 298 1821 bali-ests
318 1757 515 1834 tumultusque
528 1758 607 1834 prius
620 1756 651 1815 iu
667 1769 742 1816 teua
762 1768 792 1817 et
811 1759 923 1827 castris,
934 1776 1022 1836 quam
1035 1759 1073 1818 sd

163 1856 242 1896 mare
256 1847 286 1896 et
305 1836 343 1893 ad
363 1853 459 1901 nares,
482 1846 526 1893 est
544 1845 633 1904 ortus,
652 1835 781 1894 nondum
804 1846 856 1894 aut
874 1836 961 1914 pulsu
980 1855 1074 1896 remo·

162 1911 487 2050 'ciffiepimqmffff
501 1912 616 1971 nautico
637 1913 782 2068 εκζὲιάἑὲο,
804 1926 856 1974 aut
878 1912 1073 2050 aplerientibus

319 2009 419 2048 roman
451 2009 517 2047 rus:
558 2008 669 2049 uamre
707 2011 726 2048 n
814 2011 866 2051 ues
889 2010 963 2051 arus
986 2011 1018 2051 su
1059 2013 1072 2051 ι·

163 2069 254 2130 alium
266 2010 319 2125 abp
328 2066 514 2124 Hasdrubale
531 2008 643 2136 dissue,
663 2086 754 2145 vagos
769 2011 924 2140 idqlittdre,
945 2013 1071 2149 quietis}-

164 2166 221 2240 que
234 2147 265 2204 in
279 2145 408 2205 tentoriis
421 2143 490 2214 suis,
503 2143 573 2200 nihil
586 2145 680 2202 minus
694 2164 779 2223 quam
798 2147 912 2206 hostem
925 2159 975 2208 aut
988 2169 1071 2228 proe-

161 2227 233 2285 llum
253 2241 290 2282 eo
309 2223 357 2281 die
377 2227 589 2300 exspectantes,
614 2223 809 2284 conscendere
835 2242 923 2284 naves
950 2245 1072 2306 propera

161 2316 250 2382 atque
262 2318 342 2361 arma
355 2302 570 2380 caperajubet3
590 2301 712 2364 classem
733 2302 895 2361 Romanam
912 2306 973 2381 jam
992 2305 1071 2364 haud

162 2380 263 2460 procul
276 2391 361 2458 portu
374 2398 449 2438 esse.
488 2379 573 2438 llaec
591 2380 701 2458 equites
722 2379 830 2440 dimissi
853 2383 959 2460 passim
980 2382 1070 2460 imps-

162 2460 357 2520 rabant..mox
371 2456 538 2515 Hasdmbal
552 2457 613 2534 ipse
627 2476 694 2532 cum
708 2459 786 2516 omni
806 2461 934 2518 exercitu
952 2459 1051 2517 aderat
1063 2483 1072 2526 t

162 2537 299 2613 nauoque
313 2533 409 2592 omnia
421 2533 548 2592 tumultu
561 2545 701 2611 strepunt,
715 2535 865 2595 ruentibus
878 2536 909 2591 in
928 2553 1016 2592 navas
1036 2536 1072 2593 si-
1197 2579 1199 2588 ,

162 2610 400 2685 mnlremigibus
418 2609 622 2686 militibusque,
640 2611 813 2688 fugientium
836 2610 927 2686 magis
947 2624 1070 2685 eterra,

164 2703 254 2768 quam
264 2687 295 2743 in
308 2689 435 2763 pugnam
448 2686 587 2755 euntium,
601 2687 703 2744 modo,
736 2685 865 2746 Vixdum
885 2707 984 2748 omncs
1002 2709 1071 2752 can-

163 2765 346 2832 soenderant,
361 2781 450 2842 quum
464 2761 520 2832 alii,
541 2763 673 2822 resolutis
692 2764 758 2834 oris,
771 2765 802 2822 in
815 2783 932 2826 ancoras
945 2769 1071 2830 evehun-

163 2859 229 2912 tur;
243 2841 306 2911 alii,
320 2841 439 2919 nequid
453 2851 560 2910 teneat,
575 2841 719 2901 ancoralia
741 2843 890 2902 incidunts
910 2849 1071 2941 raptimque

162 2921 261 2981 munia
280 2934 470 2998 praepropere
495 2919 619 2996 agendo,
647 2919 769 2979 militum
795 2933 934 3000 apparatu
956 2940 1072 2987 nautius

164 2998 320 3072 ministeria
345 2996 549 3072 impediuntur,
569 2997 760 3074 trepidatione
787 3011 939 3060 nautarum
969 3023 1072 3082 capere

164 3089 195 3134 et
210 3088 307 3152 aptare
320 3092 401 3132 arma
413 3073 494 3131 miles
507 3073 685 3151 prohibetur.
724 3077 763 3134 Et
778 3080 838 3156 Jam
852 3078 1002 3140 Romanus
1015 3100 1073 3140 uon

164 3151 414 3230 appropinquabat
432 3151 602 3219 marasan
622 3152 770 3213 direxerat»
787 3158 873 3215 etiarn
897 3160 926 3214 in
946 3177 1072 3237 pugnam

166 3246 264 3288 naves.
277 3226 373 3305 itaque
386 3247 445 3288 non
459 3228 496 3285 ab
511 3227 594 3288 hoste
607 3241 638 3288 et
650 3231 757 3309 proelio
766 3234 866 3311 magis,
879 3235 977 3303 Poeni,
988 3250 1074 3308 quam

162 3315 282 3378 suomet
294 3304 348 3382 ipsi
361 3305 499 3374 tumultu,
516 3307 633 3378 turbati,
648 3313 760 3370 tentata
771 3313 866 3371 verius
878 3312 978 3387 pugnis
988 3326 1074 3380 quam

161 3385 249 3450 inita,
274 3381 304 3439 in
327 3382 426 3459 fugam
454 3395 618 3444 averterunt
641 3386 772 3449 classem.
791 3399 939 3459 anquam
965 3382 1078 3452 adrem

162 3464 262 3524 amnia
282 3479 315 3521 os
336 3459 397 3521 lato
415 3461 541 3541 agnina,
554 3476 664 3524 scitam
677 3465 775 3524 multis
791 3459 873 3520 simul
888 3453 1080 3538 venientibus,
