2406 3932
179 215 240 281 ree
279 221 284 231 ’
535 215 764 277 aurv11³

173 365 258 432 ›triae'
277 391 329 450 per
352 391 450 432 omnes
476 373 589 432 ordines
615 373 819 432 velut'tenbre
833 373 906 458 'uno'
920 369 1094 450 pertineiiat.

174 451 434 530 ,Quemadmodum
448 452 591 510 conducta
604 451 700 510 omnia
720 468 822 528 magno
843 449 938 508 animo
952 451 1031 521 sunt,¹
1052 451 1096 532 sic
1191 497 1192 520 ,

178 532 295 588 'summa
307 529 365 586 fide
378 531 518 606 praebita,
537 549 593 588 nec
606 547 689 588 secus
710 548 793 606 quam
807 527 881 594 siex
894 529 1034 605 opulento
1045 547 1095 588 ae·
1191 529 1192 572 i

173 607 265 675 'rario,
280 617 312 664 ut
326 609 480 684 quondam,
494 607 647 666 alerentur.
687 609 781 670 Quum
801 605 832 662 bi
853 617 1029 664 commeatus
1044 623 1095 666 ve-

159 691 296 757 nerunt,
315 684 437 762 Illiturgi
461 685 599 762 oppidum
620 686 657 742 ab
679 683 871 751 Hasdrubale,
895 701 929 742 ac
949 683 1092 760 Magone,
1162 703 1165 708 ·
1191 697 1192 712 ¹

181 771 212 818 et
234 759 409 832 Hamilcare,
432 763 603 821 Bomilcaris
618 762 686 830 filio,
707 764 745 826 ob
761 761 952 834 defectionem
972 761 1009 818 ad
1031 761 1096 820 Ro·
1191 817 1192 820 ,

171 853 282 896 'manos
296 842 526 917 oppugnabatur.
566 842 645 898 lnter
664 841 737 896 baec
757 840 832 897 trina
851 852 944 898 castra
963 838 1095 898 bostium
1191 841 1192 858 ¹

169 916 341 994 ‘Scipiones
364 937 451 995 quum
476 920 504 975 in
527 919 626 976 urbem
648 917 789 975 sociorum
811 935 916 993 magno
937 915 1095 977 certamine

177 995 214 1052 'ac
237 1006 333 1071 strage
352 995 552 1054 obsistentium
572 994 775 1072 pervenissent,
797 994 981 1063 frumentum,
1008 997 1094 1071 cujus

180 1072 277 1148 inopia
290 1084 359 1141 erat,
380 1074 574 1132 advexerunt:
595 1072 794 1150 cohortatique
808 1071 974 1148 oppidanos,
996 1080 1029 1128 ut
1043 1089 1096 1129 eo·

171 1149 249 1207 'darn
274 1151 368 1209 animo
390 1151 503 1208 moenia
524 1161 692 1219 tutarentur,
714 1169 771 1228 quo
791 1167 842 1227 pro
862 1159 1095 1227 sepugnantem

183 1226 347 1285 Romanurn
371 1230 528 1285 exercitum
552 1227 698 1296 vidissent,
722 1228 759 1285 ad
780 1237 873 1284 castra
893 1228 1018 1284 maxima
1041 1245 1095 1303 op·
1191 1241 1192 1256 ¹

167 1306 345 1385 pugnanda,
367 1305 649 1380 quibuiHasdrubal
663 1317 804 1379 praeerat,
820 1305 939 1363 ducunt.
980 1304 1095 1363 Eodem

171 1395 211 1442 ‘et
238 1383 295 1440 duo
322 1381 420 1438 duces
435 1393 464 1439 et
487 1381 545 1438 duo
568 1379 711 1438 exercitus
733 1381 1027 1454 Karthaginiensium,
1051 1381 1094 1440 ibi

169 1479 243 1518 -rem
270 1463 409 1518 summam
435 1457 481 1534 agi
508 1469 668 1527 cernentes,
692 1467 896 1516 convenerunt.
936 1458 1040 1534 Itaque
1062 1477 1094 1518 e·
1191 1469 1192 1478 ¹

170 1537 313 1615 'ruptione
331 1557 348 1596 e
367 1537 466 1596 castris
485 1549 643 1614 pugnatum
659 1545 712 1600 est,
727 1533 875 1610 sexaginta
887 1533 1015 1592 hostium
1028 1536 1094 1592 mil·
1191 1535 1192 1538 ’

171 1614 219 1670 ·lia
233 1633 268 1672 eo
282 1615 328 1674 die
342 1617 370 1672 in
391 1633 489 1692 pugna
507 1615 632 1682 fuerunt,
647 1613 792 1672 sexdecim
813 1611 925 1670 circiter
945 1611 1095 1672 Romanis.

172 1690 293 1751 Tamen
307 1695 380 1752 adeo
395 1693 472 1753 haud
486 1691 573 1750 dubia
586 1691 704 1750 vlotoria
716 1691 778 1756 fuit,
800 1701 832 1745 ut
851 1689 947 1764 piures
961 1709 1092 1760 numere,

182 1775 267 1845 quarn
289 1771 341 1846 ipsi
362 1779 453 1836 erant,
476 1769 597 1827 Romani
617 1768 742 1825 hostium
762 1765 937 1829 occiderint;
962 1768 1094 1842 ceperint

171 1847 304 1920 *amplius
321 1847 375 1904 tria
395 1848 482 1905 millia
506 1846 661 1913 hominum,
682 1843 768 1922 [saulo
792 1842 886 1902 minus
906 1843 1093 1934 minaeque·
1191 1861 1192 1872 ¹

177 1931 255 1989 rum,
276 1919 502 2000 undesexaginta
522 1923 653 1982 militaria
673 1920 944 2002 signa,'elepbantis
967 1941 1094 1998 quinqua

168 1998 211 2054 in
236 2000 344 2074 proelio
368 2003 479 2060 occisis.
502 2003 639 2080 trinisque
662 2000 762 2059 castris
786 2018 821 2058 eo
842 1998 890 2058 die
912 1999 995 2075 potiti
1017 2010 1094 2058 suut.
1191 2059 1192 2078 ,

181 2075 303 2153 Iliirurgi
330 2079 480 2138 obsidione
507 2077 637 2149 liberato,
665 2080 702 2140 ad
726 2077 834 2136 Intibili
868 2077 1093 2166 oppugnandum
1191 2137 1192 2140 ,

84 2199 86 2204 .
177 2150 284 2212 Punici
298 2157 441 2214 exercitus
455 2158 598 2224 traducti;
619 2155 757 2233 suppletis
777 2155 865 2231 copiis
886 2174 922 2214 ex
936 2153 1092 2230 provincia,
1191 2203 1192 2216 2

183 2240 216 2287 ut
231 2251 304 2308 quae
318 2234 441 2291 maxime
461 2234 589 2290 emnium
609 2235 677 2294 belli
698 2234 788 2301 avida,
812 2233 898 2306 modo
918 2231 1025 2306 praeda
1042 2245 1095 2290 ant
1191 2245 1192 2322 ἐ

180 2325 295 2368 merces
306 2321 390 2377 esset,
405 2320 434 2366 et
449 2319 511 2366 tum
532 2309 683 2384 juventute
701 2310 874 2372 abundante.
914 2305 1023 2366 Iterum
1038 2307 1095 2384 aig-

170 2385 228 2444 ·nis
250 2386 360 2443 collatis
385 2385 488 2442 eadem
507 2385 621 2444 fortuna
646 2389 792 2467 utriusque
816 2388 903 2466 partis
925 2395 1095 2464 pugnatum.
1191 2443 1192 2466 3

183 2468 273 2542 a'upra
294 2463 533 2522 tredecimvmillia
547 2465 671 2525 hostium
693 2485 789 2535 caesa,
813 2485 899 2544 supra
920 2465 977 2522 duo
998 2475 1095 2539 capta,
1191 2477 1192 2480 ’

184 2559 251 2602 cum
266 2542 354 2620 signis
367 2541 481 2600 duobus
496 2555 524 2602 et
545 2543 742 2620 quadraginta,
763 2557 793 2602 et
807 2564 910 2604 novam
924 2540 1097 2618 elephantis.

170 2620 263 2686 ,Tum
277 2640 345 2680 vero
357 2638 457 2680 omnes
478 2640 567 2698 prope
589 2621 747 2698 Hispaniae
766 2623 864 2700 populi
887 2622 924 2680 ad
946 2619 1096 2678 Romanos

169 2695 368 2755 defecerunt:
394 2698 542 2775 inultoque
565 2703 687 2776 majores
707 2699 742 2756 ed
761 2710 872 2758 aestate
890 2701 919 2758 in
942 2697 1096 2776 Hispania,

182 2787 269 2846 aptam
281 2773 309 2830 in
324 2774 417 2843 Italia,
432 2793 479 2834 res
490 2789 571 2851 gesta
