2386 3930
165 253 226 316 m
319 321 324 332 ⁵
372 269 550 322 ,aaronita
571 271 606 312 rr
627 271 755 316 aranon
775 271 840 316 xxr.

205 414 253 471 ab
294 409 630 470 xxxvir1.1.1s.la
649 411 797 472 Taurinis.
832 411 909 470 Huic
930 411 995 472 loco
1015 427 1078 471 mo

161 487 227 548 deri
241 504 382 547 conantur
395 489 527 557 editores,
539 489 585 546 alii
597 490 687 548 aliter.
719 490 889 550 ¹Gronovius
898 490 938 549 ita
949 491 1077 581 formapt

163 583 338 632 -nurssru
357 568 387 626 Τ
384 569 503 633 aurinis,
519 589 592 647 qaae
607 568 703 628 Gallis
712 570 841 650 proximo
859 585 928 647 gerra
948 578 1021 632 eran
1045 586 1079 629 aa

167 643 285 706 Italiam
296 665 442 724 nagresso.
485 647 576 705 Hanc·
591 650 783 725 conjecturum
801 646 857 706 sibi
871 648 990 706 multum
1013 647 1079 724 pla*

165 741 232 782 cere
246 735 367 783 testatur
381 724 506 791 Crevier,
521 725 619 802 itaque
638 728 849 804 interpretatur,
872 737 892 764 ‘⁴
907 724 1078 796 Hannibali,

166 809 351 880 “postquam
371 822 423 880 per
444 803 633 864 Taurinorum
654 825 799 881 regionem
823 805 851 863 in
876 804 989 862 Italiam
1010 803 1078 862 des·

51 895 56 902 '
139 881 337 949 ''canderin
371 881 475 939 amissa
505 885 679 958 apparuisse,
713 883 847 949 defuisse,
881 882 997 958 triginta
1025 897 1080 940 sex

166 959 288 1017 “millia
312 960 460 1020 hominurn
481 979 518 1018 ex
539 981 574 1019 eo
599 981 727 1031 numero,
750 981 874 1053 quocum
899 961 1079 1022 Rhodanum
1176 971 1177 1020 l

166 1045 186 1076 “
201 1037 366 1096 transierit.”
408 1037 534 1096 Omnino
569 1040 709 1116 ejicienda
742 1043 856 1100 videtur
884 1039 987 1098 vocula
1021 1039 1075 1108 inf
1176 1049 1177 1052 ’

165 1116 280 1194 quaein
295 1116 372 1174 nullo
387 1117 557 1193 scriptorum
572 1118 721 1195 reperitur,
742 1134 772 1178 et
793 1120 821 1177 in
843 1115 1078 1176 Drakenborobii
1176 1127 1177 1130 ’

164 1194 292 1254 editione
309 1195 448 1254 retinetur
466 1215 620 1272 operarum⁴
639 1198 757 1256 incurii.
777 1197 863 1256 verba
884 1197 1015 1276 degresso
1045 1201 1077 1255 ei

164 1273 293 1353 digresso
313 1276 400 1332 etiam
420 1273 555 1333 facillime
568 1275 643 1333 inter
663 1295 693 1335 se
714 1289 921 1353 permutantur.
964 1274 994 1332 Si
1010 1272 1077 1331 reti»

164 1370 267 1410 nemus
275 1353 410 1420 omisisse,
420 1354 549 1430 syntaxis
557 1356 678 1414 erit-ta
688 1355 749 1432 ipso
759 1364 851 1412 autem
861 1352 977 1412 audisse
988 1353 1076 1411 Han·

164 1428 267 1497 allate,
287 1430 434 1496 Taurinis,
450 1432 479 1488 in
496 1429 610 1489 ltaliam
625 1431 765 1505 degresso.

203 1511 251 1571 Ἠ.
291 1507 311 1565 l.
335 1513 381 1568 19.
403 1507 458 1567 Pto
471 1517 499 1567 et
502 1512 589 1590 jugo,
608 1507 671 1588 quis
683 1506 806 1575 dubitet,
827 1506 896 1585 quin
910 1524 979 1565 cum
998 1506 1078 1567 Gn>

164 1586 250 1648 novio
264 1587 419 1662 legendum
434 1587 470 1644 sit
484 1592 602 1666 or'jngo.

203 1669 252 1724 28.
292 1665 310 1722 l.
331 1664 440 1740 penult.
464 1665 543 1722 -Sed
553 1665 589 1722 ob
603 1683 642 1721 eo.
686 1662 828 1740 Intellige,
847 1661 939 1740 inquit
960 1661 1077 1722 Gront)

161 1742 294 1812 numae}
307 1744 367 1809 deo,
380 1741 423 1798 vel
436 1740 528 1799 heroe.
550 1741 619 1805 Sed,
633 1759 722 1816 quum
732 1743 760 1798 in
773 1761 830 1800 uno
841 1761 877 1799 ex
891 1739 971 1797 libris
986 1741 1077 1818 scrip·

163 1822 201 1880 b's
223 1823 325 1898 legitur
344 1820 385 1876 ad
402 1839 443 1884 eo,
466 1836 522 1874 non
544 1817 710 1874 dubitamus
731 1819 976 1896 quinxlegendum
999 1819 1036 1875 sit
1056 1831 1078 1876 a·

163 1900 225 1958 deo.
268 1899 326 1955 Hic
348 1895 420 1952 deus
442 1895 572 1956 Peninus
591 1907 712 1953 vocatur
731 1897 760 1953 in
781 1897 876 1974 lapide
896 1896 1023 1974 antiquo,
1048 1895 1079 1956 in

164 1973 209 2036 bis
223 1976 290 2053 ipsis
312 1973 437 2049 Alpibus
458 1973 486 2030 in
508 1991 613 2050 magno
625 1972 689 2048 viz.
710 1983 807 2035 monte
823 1975 853 2034 S.
870 1975 1019 2043 Bernardi,
1035 1975 1078 2032 ir»
1177 2029 1178 2038 ,

161 2068 259 2130 vento.
300 2051 427 2110 Consule
441 2051 592 2111 Drakenb.
606 2051 653 2130 qui
668 2055 780 2114 erudite
794 2054 831 2112 de
845 2054 901 2112 boc
921 2053 985 2111 loco
1007 2052 1077 2129 egit·

202 2137 250 2192 29.
286 2129 349 2188 XL.
371 2129 390 2187 Ι.
417 2136 466 2190 at.
507 2131 562 2189 Pro
587 2151 669 2212 perta,
694 2132 857 2191 Gronovius
884 2134 959 2208 conj.
974 2131 1077 2209 foeda

161 2209 280 2270 Crevier
293 2228 394 2269 vocem
407 2231 479 2290 pene
491 2210 618 2278 delebat,
635 2229 720 2288 quam
735 2201 826 2270 oriam
847 2211 967 2287 putabat
981 2229 1019 2266 ex
1033 2227 1084 2268 rau·

161 2288 302 2372 petitione
317 2289 470 2364 primarum
485 2289 630 2347 literarum
645 2291 789 2368 mouentis
803 2288 880 2346 verbi
892 2286 1043 2364 perierint.

202 2373 250 2426 30.
291 2366 403 2423 XLlil.
423 2366 511 2424 initio.
555 2369 634 2426 Dum
652 2367 819 2446 siculiquol.
859 2363 987 2422 Omnino
1007 2382 1078 2426 cum

161 2444 312 2507 Gronovio
325 2445 650 2525 corrigendum-qnam
665 2445 705 2504 ric
718 2445 835 2526 aliquot.
860 2469 873 2494 ο

202 2531 252 2586 31.
292 2524 497 2582 xL111.t10.
540 2522 871 2602 Dertrdloertiquedno
892 2519 1079 2580 mnriocloa·
1117 2547 1119 2554 ·

160 2605 243 2666 dunt.
258 2602 374 2672 nullam,
390 2603 478 2680 aqud
494 2601 627 2683 effigium
648 2603 769 2682 quidem,
790 2620 888 2660 nauem
902 2599 1078 2660 labentibus.

161 2683 237 2745 eirca
257 2683 355 2740 Padus
368 2681 468 2748 amnis,
483 2685 535 2738 &a
577 2681 684 2740 Mirum
698 2681 726 2739 in
741 2681 858 2738 modum
874 2706 901 2737 u
911 2678 1080 2739 laudantibus
1177 2737 1178 2744 ,

160 2759 273 2818 vexavit
294 2761 473 2836 interpretes,
493 2759 618 2818 incertos
632 2780 689 2838 quo
710 2759 889 2818 referendum
910 2757 955 2815 sit.
996 2757 1025 2816 J.
1047 2757 1079 2817 F.

160 2835 335 2904 Gronovius,
351 2839 500 2904 Graevius,
515 2839 572 2903 alii,
593 2837 767 2897 assentiente
782 2838 906 2903 Crevier,
928 2831 1077 2904 malebant

161 2911 308 2974 irienses,
344 2917 386 2972 At
406 2916 624 2990 omnes'soripti
644 2913 809 2972 habentibus
835 2927 961 2988 tuemur,
982 2931 1077 2991 neque

163 2989 313 3051 verisimile
332 3001 386 3056 est,
411 2989 539 3046 librarios
559 3009 658 3046 omnes
686 2991 812 3048 mutdsse
833 2991 974 3059 lubentes,
1000 2990 1079 3069 quod

163 3069 274 3132 facilius
288 3078 340 3134 est,
356 3066 384 3124 in
399 3065 593 3124 difficill'nnum
608 3067 781 3127 habentibus.
824 3069 888 3130 lac.
903 3069 1076 3142 Gronovius,

164 3166 275 3216 contra,
295 3145 440 3206 eliminare
461 3145 579 3206 volebat
600 3148 718 3206 verbum
738 3149 884 3212 ornandunt,
905 3162 934 3212 et
955 3167 1014 3206 uno
1035 3161 1078 3207 ta-

164 3247 235 3290 nore
249 3227 354 3302 legere,
369 3225 408 3286 ita
427 3238 459 3281 ut
474 3239 533 3282 tam
548 3227 605 3284 duo
619 3227 722 3294 maria,
742 3245 827 3304 quam
848 3224 954 3302 niallam
969 3245 1077 3296 nonem,

166 3306 294 3369 adativo
314 3303 478 3364 lnbentibus
498 3306 666 3379 penderent,
687 3304 735 3440 ‹pui
754 3304 869 3362 dativus
888 3306 924 3364 ad
946 3304 1078 3382 superius

120 3384 132 3401 ”
165 3386 246 3446 nodis
265 3383 431 3442 referendus
451 3392 537 3439 esset.
578 3384 643 3442 Sed
656 3403 711 3442 ce.
736 3383 975 3458 Drakenborchio
995 3401 1079 3442 acca

165 3464 271 3529 dimus,
285 3463 332 3520 cui
347 3462 431 3520 nimis
443 3461 538 3520 audax
551 3461 710 3530 videbatur,
725 3462 818 3520 invitis
838 3463 971 3520 omnibus
991 3460 1078 3538 scrip·

167 3539 215 3605 tis,
228 3553 320 3598 totam
335 3559 434 3602 rocem
449 3539 585 3605 claudunt
599 3541 712 3620 ejicere.
754 3539 847 3600 Nobis
859 3538 1021 3619 explicandi
1034 3557 1079 3602 ra·
