2386 3930
165 207 223 266 ata
515 201 549 260 T.
577 199 716 261 L1v11

160 375 241 416 mum
261 374 361 416 comm
381 355 504 414 Romani
524 356 692 416 sustinuere.
733 355 813 426 Dux,
833 357 954 418 stultitia
974 367 1004 418 et
1022 367 1070 418 te·

162 435 292 494 meritate
307 433 444 494 Centenio
464 451 524 510 par,
538 433 633 493 animo
654 452 833 511 nequaquam
847 436 1068 513 comparandus,

161 513 211 571 ubi
234 530 295 571 rem
317 512 479 570 inclinatam
496 529 532 568 ac
553 511 728 588 trepidantes
752 530 817 569 suos
836 511 913 582 vidit,
928 533 1003 590 equo
1022 532 1070 570 ar-
1100 529 1104 537 ·

161 602 254 666 repro,
275 586 340 647 c'um
360 588 493 647 ducentis
514 588 604 647 ferme
628 609 645 647 e
665 589 770 647 ultibus
792 589 908 666 effugit:
927 603 1033 660 cetera,
1050 609 1070 648 a

161 667 255 726 fronte
274 666 366 742 pulsa,
389 684 407 722 a
427 676 509 742 tergo
529 678 616 744 atque
639 609 690 725 dlis
711 667 911 737 circumventa,
932 667 1006 724 acies
1029 687 1070 726 eo

160 762 250 820 usque
270 755 315 801 est
334 761 429 813 caesa,
445 757 477 802 ut
500 763 537 803 ex
558 743 751 820 duodeviginti
773 744 898 804 millibus
917 745 1069 802 hominum

159 819 216 878 duo
230 819 318 878 millia
339 820 418 879 haud
440 823 561 901 amplius
582 822 730 880 evaserint.
745 819 845 880 castris
864 823 963 881 hostes
982 821 1068 901 potiti

159 909 235 955 sunt.
983 951 986 956 ,

198 975 298 1034 XXII.
337 975 415 1034 Has
435 975 540 1046 clades,
554 995 639 1054 super
651 976 736 1036 aliam
760 976 824 1045 alia,
840 977 963 1035 Romam
978 994 1067 1054 quum

160 1067 257 1113 essent
280 1055 442 1124 nunciatae,
463 1055 563 1131 ingens
582 1053 697 1130 quidem
717 1066 747 1113 et
767 1053 862 1113 luctus
876 1069 905 1114 et
927 1073 1015 1132 pavor
1027 1052 1069 1111 ci·

158 1133 277 1192 vitatem
297 1133 381 1208 cepit.
395 1131 446 1190 sed
467 1144 572 1199 tamen,
587 1132 653 1208 quia
673 1132 815 1202 consules,
830 1133 879 1191 ubi
898 1150 1011 1190 summa
1024 1151 1069 1189 re-

158 1229 221 1268 rum
237 1221 322 1277 esset,
336 1209 373 1266 ad
396 1209 426 1266 id
449 1211 576 1268 locorum
596 1229 662 1285 pros
684 1229 730 1267 ere
744 1219 805 1267 reni
816 1222 958 1285 gererent,
973 1209 1069 1266 minus

157 1286 202 1344 his
216 1283 345 1342 cladibus
363 1287 625 1343 commovebantur.
663 1230 791 1362 legatos
805 1287 842 1344 ad
856 1287 988 1346 consules
1002 1286 1071 1344 mit-

155 1371 219 1419 tunt
235 1363 268 1419 C.
288 1361 462 1428 Laetorium,
477 1361 521 1415 M.
536 1358 690 1428 Metilium,
707 1363 754 1436 qui
775 1365 1002 1433 nunciarentsdt
1023 1383 1085 1428 re·‚

156 1439 256 1515 liquias
276 1437 397 1496 duorum
421 1437 598 1496 exercituum
622 1455 690 1494 curn
710 1456 778 1495 cura
800 1439 966 1514 colligerent
978 1464 996 1506 ς,
1014 1441 1068 1498 da·

156 1527 277 1594 rcntque
291 1533 417 1593 operam,
438 1535 475 1573 ne
497 1533 548 1591 per
569 1526 679 1572 metum
699 1533 733 1572 ac
747 1515 973 1594 desperationem
987 1516 1070 1575 hosti

158 1614 190 1653 se
210 1595 360 1664 dederent,
375 1593 425 1670 (id,
447 1594 524 1671 quod
547 1603 612 1671 post
633 1590 814 1650 Cannensem
838 1591 986 1651 accidisset
1007 1594 1071 1653 cla-

158 1673 237 1750 dem)
261 1683 291 1731 et
314 1683 346 1730 ut
369 1671 530 1730 desertores
550 1670 587 1728 de
611 1670 738 1728 exercitu
761 1671 896 1729 volonum
919 1671 1071 1746 conquire-

158 1763 232 1810 rent.
272 1749 353 1808 Idem
376 1747 484 1826 negotii
505 1749 539 1805 P.
553 1747 686 1805 Cornelio
700 1748 808 1814 datum,
823 1748 870 1805 cui
893 1759 922 1805 et
937 1748 1071 1806 delectus

156 1829 309 1886 mandatus
332 1837 415 1882 erat:
445 1826 525 1900 isque
547 1843 598 1900 per
620 1823 681 1880 fora
700 1824 946 1902 conciliabulaque
967 1826 1069 1896 edixit,

158 1915 191 1963 ut
217 1902 386 1978 conquisitio
414 1901 547 1958 volonum
573 1901 664 1970 fieret,
687 1901 762 1979 iique
786 1901 823 1960 ad
845 1901 925 1979 signa
948 1903 1070 1962 reduce·

156 1992 264 2042 rentur.
305 1979 389 2038 Haec
402 1977 498 2036 omnia
511 1979 701 2037 intentissima
715 1981 784 2038 cura
798 1991 872 2038 acta.
913 1985 970 2058 Ap.
981 1980 1070 2039 Clau-

157 2060 221 2118 dius
245 2055 352 2124 consul,
368 2057 408 2114 D.
431 2056 518 2114 lunio
539 2056 577 2114 ad
596 2057 702 2114 ostium
722 2055 866 2128 Vulturni,
888 2057 932 2115 M.
947 2059 1070 2118 Aurelio

158 2136 246 2195 Cotta
270 2133 398 2192 Puteolis
427 2133 602 2213 praeposito,
625 2135 681 2212 qui,
707 2133 738 2193 ut
766 2154 894 2213 quaeque
921 2153 1007 2194 naves
1032 2155 1071 2193 ex

157 2211 273 2271 Etruria
300 2231 335 2270 ac
363 2211 492 2270 Sardinia
518 2213 715 2288 accessissent,
743 2214 887 2290 extemplo
916 2212 946 2268 in
973 2223 1072 2272 castra

157 2285 305 2350 mitterent
330 2291 525 2357 frumentum
554 2290 616 2365 ipse
643 2289 680 2345 ad
707 2290 835 2364 Capuam
855 2287 1008 2366 regressus,
1031 2292 1072 2354 Q.

158 2369 290 2428 Fulvium
309 2367 449 2444 collegam
475 2367 582 2424 invenit
603 2363 728 2433 Casilini,
749 2363 845 2423 omnia
864 2366 931 2424 inde
952 2375 1072 2444 portan-

159 2461 219 2508 tem
245 2446 466 2524 molientemque
492 2443 530 2502 ad
555 2444 776 2522 oppugnandam
800 2443 939 2520 Capuam.
992 2443 1072 2502 Turn

160 2527 246 2586 ambo
273 2525 516 2584 circumsederunt
543 2525 653 2591 urbem,
681 2533 710 2579 et
737 2519 891 2580 Claudiurn
923 2521 1072 2580 Neronem

180 2617 321 2662 raetorem
335 2603 372 2661 ab
393 2601 528 2660 Suessula
547 2620 584 2658 ex
597 2599 763 2657 Claudianis
777 2599 876 2660 castris
895 2599 1072 2659 exciverunt.

159 2625 191 2738 is
205 2701 328 2758 quoque,
343 2680 456 2738 modico
470 2681 510 2738 ibi
528 2677 667 2757 praesidio
688 2678 726 2735 ad
740 2679 896 2736 tenendum
909 2678 1005 2736 locum
1025 2695 1073 2735 re·

159 2757 239 2824 licto,
253 2758 357 2816 ceteris
376 2760 509 2818 omnibus
533 2758 622 2836 copiis
645 2756 682 2814 ad
703 2755 832 2834 Capuam
853 2754 1010 2814 descendit.
1030 2755 1073 2813 ita

161 2831 216 2891 tria
239 2834 381 2906 praetoria
404 2835 479 2893 circa
499 2833 629 2910 Capuam
650 2846 763 2900 erecta;
790 2844 847 2890 tres
867 2844 896 2889 et
917 2833 1071 2902 exercitus,

162 2909 279 2970 diversis
289 2909 417 2984 partibus
427 2928 499 2984 opus
512 2909 647 3039 agpressi,
658 2909 733 2965 fossa
747 2908 878 2984 valloque
891 2907 1073 2971 circumdare
1102 2907 1122 2927 ““

162 2989 264 3050 urbem
285 2993 396 3063 parant,
418 2996 448 3042 et
471 2996 549 3042 caste
572 3003 588 3040 a
608 2982 735 3042 excitant
755 2982 875 3044 modicis
895 2985 1071 3046 intervallis:

162 3064 315 3142 multisque
329 3057 412 3120 simul
431 3062 502 3122 locis
522 3081 588 3122 cum
608 3060 825 3138 prohibentibus
846 3081 933 3140 opera
946 3064 1071 3143 Campa·

162 3145 207 3204 nis
220 3163 256 3201 eo
276 3154 379 3201 eventu
399 3151 537 3218 pugnant,
558 3151 591 3200 ut
610 3149 753 3216 postremo
773 3140 862 3218 portis
882 3161 1022 3220 muroque
1041 3161 1073 3202 se

164 3221 323 3282 contineret
344 3219 515 3297 Campanus.
556 3217 638 3276 Prius
662 3228 767 3286 tamen,
782 3237 867 3296 quam
889 3219 965 3277 haec
979 3220 1072 3279 conti-

162 3307 320 3358 nuarentur
338 3316 432 3376 opera,
453 3297 540 3376 legati
560 3297 597 3355 ad
617 3295 812 3355 Hannibalem
832 3297 918 3368 missi,
933 3297 981 3374 qui
1001 3317 1072 3375 que·

162 3386 292 3434 rerentur
305 3375 456 3453 ¹desertam
479 3376 516 3433 ab
544 3393 579 3432 eo
601 3372 740 3452 Capuam,
761 3393 795 3434 ac
818 3393 907 3452 prope
930 3374 1070 3434 redditam

163 3448 320 3522 Romanis3
350 3449 625 3534 obtestarenturque,
646 3463 679 3512 ut
701 3464 772 3514 tunc
792 3453 893 3540 saltem
907 3453 992 3534 opem
1009 3469 1071 3510 non
