2386 3930
178 251 235 311 ⁶264
532 245 567 305 Τ.
597 247 731 306 LlVlI

68 389 70 394 ¹
177 425 208 464 re
228 405 307 480 leges
320 411 501 480 acceperunt.
542 401 634 460 Erant
647 415 745 462 tomen
760 402 836 462 haud
856 421 961 481 parvae
974 405 1087 482 reliqui-

177 501 212 542 ae
232 483 300 540 belli
321 483 396 541 circa
410 481 601 556 Agrigentum
616 480 772 540 Romanis:
795 481 939 560 Epicydes
954 495 984 541 et
1004 483 1087 540 Han·

176 581 224 627 no,
238 561 326 619 duces
339 558 438 634 reliqui
458 558 558 635 prioris
576 559 656 627 belli,
676 571 706 618 et
719 560 818 617 tertius
833 579 931 630 novus,
950 563 988 618 ab
1006 562 1089 620 Han·

176 639 273 697 nibale
301 639 330 694 in
359 636 456 694 locum
477 635 665 714 Hippocratis
690 638 801 708 missus,
826 637 1088 716 Lybyplroenicom

176 717 297 792 generis,
328 713 528 792 Hipponiaies,
557 715 715 793 (Mutinem
747 717 899 792 populares
932 717 1089 794 vocabant)

176 795 218 850 vir
231 793 359 869 impiger,
381 805 411 851 et
433 794 488 851 sub
509 791 675 852 Hannibale
692 793 829 870 magistro
842 813 942 852 ornnes
954 793 1023 852 belli
1043 813 1090 854 ar·

172 885 219 938 tes
240 871 371 929 edoctus.
411 871 491 928 Huic
511 873 549 930 ab
572 871 701 950 Epicyde
724 884 755 930 et
776 872 922 932 Hannone
944 869 1089 932 Numidae

173 947 235 1006 dati
253 949 429 1007 auxiliares:
449 967 516 1008 corn
527 950 629 1028 quibas
653 951 692 1006 ita
716 961 886 1040 peruagatos
904 961 947 1008 est
961 949 1088 1008 hostiurn

175 1043 270 1104 agros,
294 1029 335 1085 ite
358 1027 451 1086 socios
472 1029 510 1084 ad
530 1027 693 1086 retinendos
717 1047 746 1084 rn
767 1027 824 1086 lide
844 1029 955 1086 animos
978 1047 1088 1096 eorum,

175 1104 351 1184 ferendaque
364 1106 393 1162 in
414 1116 543 1182 tempore
567 1107 670 1181 cuique
693 1105 839 1176 auxilium,
854 1105 933 1175 adiit,
954 1118 987 1164 ot
1009 1107 1089 1164 brevi

176 1193 306 1262 ternpore
327 1193 418 1241 totam
438 1183 562 1241 Siciliam
583 1183 715 1260 impleret
735 1184 856 1241 nominis
870 1184 922 1252 soi,
947 1203 1004 1242 nec
1022 1203 1089 1261 spes

175 1261 232 1318 alia
244 1264 335 1338 major
357 1260 434 1336 apud
453 1260 581 1318 faventes
594 1263 681 1320 rebus
705 1261 989 1338 Karthaginiensium
1002 1273 1093 1320 esset.

174 1338 285 1414 Iraque,
299 1337 401 1392 inclusi
414 1335 451 1391 ad
472 1331 586 1412 tempus
601 1338 751 1394 moenibus
765 1339 926 1414 Agrigenti,
941 1340 1006 1396 dux‘
1016 1341 1093 1400 Poe-

173 1433 228 1471 nos
251 1413 514 1490 Syracusanusque,
536 1429 593 1469 non
617 1412 734 1469 consilio
760 1413 891 1480 Morinis,
913 1435 1000 1491 qoam
1014 1418 1090 1474 fido·

175 1491 230 1559 cia,
250 1490 350 1566 magis,
367 1490 431 1548 ausi
444 1489 542 1567 egredi
564 1500 648 1548 exera
669 1507 775 1558 moros,
794 1489 831 1546 ad
852 1491 1002 1548 Himeram
1027 1513 1092 1551 am-

174 1587 242 1628 nem
256 1579 413 1646 posuerunt
427 1579 529 1628 castra.
569 1567 656 1633 Quod
676 1568 726 1625 ubi
741 1568 882 1646 perlatum
902 1569 939 1627 ad
960 1569 1092 1629 Marcel·

175 1649 237 1708 lum
260 1657 314 1716 est,
329 1647 475 1725 externplo
498 1647 596 1723 copias
616 1645 720 1712 moritr
752 1657 783 1705 et
804 1648 841 1705 ab
863 1647 946 1704 hoste
966 1660 1093 1724 quatuor

175 1726 267 1785 ferme
290 1724 410 1790 millium
439 1723 588 1782 interuallo
609 1723 748 1792 consedit,
772 1723 839 1800 qnid
866 1738 984 1800 agerent
1007 1745 1093 1803 para·

176 1815 275 1863 rentve
295 1813 521 1878 exspectaturus.
563 1801 621 1858 Sed
641 1801 751 1858 nullum
771 1819 864 1878 neque
884 1803 979 1860 locum
992 1823 1091 1882 oeque

176 1893 291 1958 tempus
311 1879 486 1937 cunctationi
500 1877 654 1936 consiliove
673 1877 753 1937 dedit
778 1879 918 1950 Mutines,
932 1893 1091 1958 transgres-

175 1977 225 2018 sus
239 1975 363 2024 amnem,
376 1973 414 2028 ec
436 1956 607 2014 stationibus
620 1955 747 2014 hostium
769 1975 836 2015 eum
850 1959 959 2034 ingenti
979 1970 1090 2018 terrore

176 2055 211 2094 ac
235 2032 360 2092 tumultu
383 2033 522 2092 invectus.
563 2033 684 2092 Postero
708 2035 755 2093 die
777 2055 866 2113 prope
887 2039 966 2114 justo
980 2039 1089 2115 proelio

175 2110 314 2190 compulit
327 2109 441 2169 hostem
460 2112 535 2170 intra
554 2113 740 2172 munimenta.
763 2113 831 2171 inde
850 2127 1000 2172 revocatus
1013 2117 1090 2173 sedi·

175 2191 254 2248 tione
269 2188 460 2248 Numidarum
480 2191 510 2246 in
531 2191 632 2248 castris
654 2191 741 2260 fecti,
754 2209 843 2268 quum
857 2191 978 2251 trecenti
996 2193 1090 2253 ferme

175 2287 276 2328 eorum
297 2268 473 2327 Heracleam
487 2267 619 2326 Minoam
633 2269 848 2336 concessissent,
863 2270 900 2325 ed
914 2268 1090 2346 mitigandos

174 2347 411 2424 revocandosque
430 2363 481 2404 eos
503 2346 658 2424 profectos,
682 2361 855 2422 magnopere
874 2345 1020 2404 monuisse
1034 2349 1090 2408 da·

175 2445 224 2486 ces
248 2425 360 2493 dicitur,
374 2443 413 2482 ne
433 2425 556 2482 absente
575 2443 606 2481 se
628 2441 694 2482 curn
716 2423 800 2482 hoste
820 2441 923 2482 manus
953 2443 1088 2485 consere·

174 2517 247 2564 rent.
288 2504 323 2568 ld
345 2504 431 2562 ambo
452 2520 538 2580 aegre
560 2501 636 2579 passi
659 2501 757 2571 duces,
778 2502 869 2579 magis
890 2501 1006 2569 Hanno,
1024 2507 1088 2580 jem

175 2597 243 2642 ante
267 2581 368 2644 anxius
392 2581 483 2658 gloria
502 2583 572 2657 ejus,
593 2579 740 2638 Mutinem
761 2580 814 2638 sibi
841 2580 959 2640 modum
976 2580 1086 2651 lacere,

175 2660 347 2742 degenerem
366 2657 477 2717 =Afrum
497 2658 661 2736 imperatori
681 2658 921 2736 Karthaginiensi‚
941 2659 1027 2717 misso
1046 2663 1086 2720 ab

104 2795 110 2802 ,
175 2751 277 2798 senato
304 2738 476 2820 populoque.
516 2737 546 2794 Is
568 2737 693 2819 perpulit
715 2742 901 2796 minctame'm
926 2736 1085 2814 Epicyden,

117 2873 120 2880 ,
175 2827 216 2880 ut,
230 2815 384 2892 trangressi
402 2815 521 2884 flumen,
536 2813 566 2871 ia
589 2815 681 2872 aciem
698 2815 828 2874 exirent:
855 2815 970 2884 namsi
993 2816 1085 2873 Moti-

174 2909 241 2949 nem
261 2911 279 2946 ο
299 2892 513 2966 permamanet
533 2893 660 2948 secunda
673 2909 786 2970 pugnae
805 2890 919 2948 fortuna
933 2893 1084 2963 evenisset,

173 2967 252 3028 haud
285 2967 352 3024 ubie
366 2966 488 3022 Mutiru'e
501 2965 703 3040 gloriarnlore.
1044 2995 1046 3000 ·

214 3045 294 3104 XLI.
334 3043 510 3100 Euruvnno
530 3042 678 3120 indignum
697 3053 777 3102 ratus
798 3043 965 3116 Marcellus,
980 3067 1020 3116 se,
1036 3049 1084 3128 qui

175 3122 380 3192 Hannibalern,
405 3121 554 3180 subnisum
573 3121 692 3180 victoria
712 3123 865 3193 Cannensi,
880 3127 917 3183 ab
942 3125 1018 3185 Nola
1040 3147 1084 3185 re·

174 3203 303 3286 polluet,
318 3201 370 3271 his,
390 3201 468 3260 terra
487 3201 710 3280 mariquerr'ctis
729 3203 766 3260 eb
786 3221 827 3272 se,
848 3203 979 3262 hostibus
999 3205 1084 3264 cerle-

173 3301 224 3352 re;
243 3299 323 3340 euna
340 3297 461 3360 proper-e
479 3297 581 3358 capere
599 3279 711 3347 milites,
726 3291 756 3338 et
770 3279 862 3338 efferri
882 3282 970 3360 signa,
990 3285 1083 3359 jobet.

174 3358 331 3419 Instruenti
355 3357 522 3427 exercitum,
545 3357 646 3416 decern
670 3357 766 3416 effusis
790 3359 869 3438 equis
892 3360 1025 3418 advolant
1046 3379 1083 3419 ex

173 3437 300 3498 hostiurn
333 3437 396 3497 acie
429 3435 582 3504 Numidae,
609 3437 793 3512 nunciantes,
823 3439 974 3530 populares
1003 3457 1081 3511 suos,

174 3514 298 3585 primum
316 3515 351 3576 aa
364 3515 503 3578 seditione
517 3525 619 3586 motae,
633 3517 692 3593 qud
711 3527 831 3576 trecentr
844 3533 883 3576 err
895 3515 1081 3576 numerosae
