2386 3930
148 163 207 224 236
337 185 346 206 ¹
504 151 699 219 T.L1v11

149 317 237 396 partis
261 318 321 394 ejus
344 314 535 384 Lucanorum,
550 333 636 391 quum
651 331 717 391 pars
738 313 776 372 ad
800 313 994 376 Hannibalem
1008 313 1061 374 de·

147 395 271 462 fecisset,
285 411 437 470 quaecum
453 392 591 450 Romanis
602 392 716 459 stabam
736 402 767 450 et
787 395 845 468 jam
864 408 940 450 anno
954 393 983 450 in
997 411 1061 450 ma·

147 473 267 549 gistratu
291 485 360 539 erat,
375 473 411 528 ab
436 469 543 528 eisdem
567 469 621 528 illis
644 481 758 529 creatus
779 480 900 546 praetor.
940 469 979 538 is,
994 489 1061 528 mu-

147 551 209 608 tatis
235 561 352 627 repente
378 547 534 617 voluntate,
561 547 657 606 locum
684 549 791 624 gratiae
821 546 899 624 apud
924 545 1060 604 Poenum

145 643 295 704 quaerens,
307 643 401 703 neque
421 625 542 684 transire
565 625 639 703 ipse,
654 644 747 702 neque
765 623 880 682 trahere
899 623 936 682 ad
957 621 1059 682 defec-

147 705 254 762 tionem
276 702 422 772 Lucanos,
436 704 505 762 satis
524 701 636 772 habuit,
650 703 703 760 nisi
727 701 904 780 imperatoris
928 712 956 759 et
978 704 1057 778 ejus·

145 782 212 838 dem
225 779 345 858 hospitis
358 780 463 858 proditi
476 780 571 856 capite
584 799 619 839 ac
632 780 770 856 sanguine
783 779 884 838 foedus
904 798 969 838 cum
988 779 1059 837 hos-

145 859 223 918 tibus
245 857 398 917 sanxisset.
420 859 457 917 ad
481 859 649 935 Magonem,
664 857 711 934 qui
734 857 764 914 in
778 858 898 915 Bruttiis
917 869 1058 934 praeerat,

144 936 221 994 clam
233 935 264 992 in
284 935 458 1014 colloquium
470 936 567 994 venit:
586 935 700 1012 fideque
712 935 751 992 ab
765 954 800 994 eo
814 935 944 1011 accepta,
958 935 981 992 si
996 935 1058 992 Ito·

146 1031 263 1072 manum
283 1013 317 1071 iis
336 1014 537 1090 imperatorem
551 1012 722 1082 tradidisset,
736 1012 842 1072 liberos
855 1031 922 1070 cum
937 1011 995 1070 suis
1014 1011 1057 1070 le·

144 1092 230 1167 gibus
243 1101 377 1150 venturos
390 1091 419 1148 in
436 1090 590 1148 amicitiam
602 1089 757 1159 Lucanos;
784 1089 901 1149 deducit
914 1089 1056 1154 Poenum,

143 1169 173 1225 in
197 1170 294 1226 locum
316 1168 395 1244 pacis
416 1165 580 1227 Gracchum
602 1167 788 1226 adducturus.
835 1167 993 1244 Magonem
1015 1167 1057 1226 ibi

143 1245 255 1322 pedites
278 1247 446 1319 equitesque
469 1261 588 1312 armare,
607 1255 637 1302 et
657 1263 761 1320 capere
782 1261 831 1303 eas
850 1245 985 1314 latebras,
1005 1245 1057 1302 ubi

136 1323 289 1396 ingentem
312 1337 462 1376 numerum
483 1321 639 1386 occuleret,
663 1321 757 1394 jubet.
806 1323 888 1379 Loco
915 1323 984 1380 satis
1011 1322 1057 1378 in·

141 1409 251 1476 specto,
265 1390 351 1474 atque
373 1395 498 1473 undique
511 1393 670 1472 explorato,
690 1394 750 1454 dies
773 1399 934 1472 composita
951 1417 1057 1474 geren-

141 1474 198 1534 dae
220 1475 262 1534 rei
276 1487 329 1535 esa
368 1471 482 1531 Flavius
502 1472 540 1531 ad
560 1472 725 1531 Romanurn
741 1474 940 1550 imperatorem
955 1477 1056 1533 venit:

144 1554 220 1612 Rem
241 1571 281 1623 se,
298 1553 347 1622 ait,
362 1569 496 1628 magnam
515 1549 675 1622 inchoasse,
689 1551 727 1609 ad
747 1569 832 1628 quam
851 1551 1056 1628 perficiendam

136 1631 232 1709 ipsius
259 1629 386 1689 Gracchi
411 1631 500 1708 operd
525 1647 598 1706 opus
625 1647 697 1687 esse.
723 1629 849 1687 omnium
878 1630 1073 1762 populorum.

144 1709 333 1786 praetoribus,
347 1708 395 1784 qui
415 1707 453 1764 ad
472 1707 601 1764 Poenum
614 1707 644 1762 in
657 1707 706 1763 illo
720 1706 864 1763 communi
894 1707 980 1766 taliae
993 1727 1055 1766 mc·

136 1800 177 1845 ·tu
197 1787 365 1852 descissent,
379 1783 561 1858 persuasisse,
580 1793 613 1838 ut
626 1783 751 1841 redirent
770 1783 800 1840 in
820 1783 975 1842 amicitiam
995 1786 1055 1844 Ro·

144 1879 310 1926 manorum
331 1858 444 1936 quando
464 1877 510 1917 res
528 1877 642 1936 quoque
657 1859 800 1930 Romana,
814 1879 888 1938 quae
900 1881 991 1940 prope
1005 1881 1054 1921 ex-

139 1939 223 1997 itium
237 1936 320 1995 clade
333 1935 477 1994 Cannensi
491 1936 624 2005 venisset,
638 1937 669 1994 in
691 1937 751 1996 dies
770 1939 871 1997 melior
885 1949 973 2016 atque
986 1959 1053 1998 auc-

142 2018 198 2074 tior
210 2015 299 2083 fieret,
320 2013 494 2071 Hannibalis
512 2013 556 2071 vis
577 2009 749 2085 senesceret,
762 2034 797 2074 ac
816 2034 906 2094 prope
919 2017 956 2076 ad
970 2019 1053 2075 nihil-

142 2111 191 2149 um
204 2090 338 2150 venisset.
356 2131 359 2138 ,
377 2091 476 2150 Veteri
490 2091 596 2152 delicto
616 2093 694 2151 haud
707 2094 903 2172 implacabiles
918 2095 979 2153 fore
993 2095 1053 2153 Ro-

142 2187 264 2227 manos:
298 2169 407 2228 nullam
440 2187 566 2246 unquam
598 2182 715 2246 gentem
749 2172 838 2246 magis
865 2172 1051 2241 exorabilem,

142 2245 403 2325 promptioremque
425 2247 525 2305 veniae
542 2247 664 2316 dandae,
684 2249 779 2306 fuisse.
803 2248 914 2322 quoties
937 2249 1052 2305 rebelli-

141 2325 190 2384 oni
202 2324 290 2382 etiam
309 2327 578 2401 majorumsuorum
598 2323 750 2400 ignotum?
790 2323 874 2382 Haec
892 2325 930 2384 ab
944 2343 984 2395 se,
999 2328 1050 2396 ait,

135 2403 242 2462 dicta:
271 2413 399 2461 ceterum
422 2403 459 2461 ab
482 2402 545 2480 ipso
569 2401 702 2461 Graccho
727 2400 829 2460 eadem
854 2401 929 2462 haec
951 2404 1050 2463 audire

128 2481 229 2546 *malle
246 2499 306 2550 eos,
319 2481 461 2558 praesenti
495 2499 532 2538 ue
546 2479 712 2556 contingere
724 2478 873 2545 dextrama
894 2480 924 2538 id
946 2481 1050 2557 pignus

142 2558 210 2615 fidei
226 2577 332 2618 (secum
351 2557 433 2618 ferre.
508 2575 593 2616 ocum
615 2575 647 2616 se
670 2558 790 2616 consciis
813 2556 919 2616 dixisse
941 2577 1050 2616 acon·

142 2645 244 2708 spectu
270 2647 408 2704 amotum,
434 2634 515 2694 haud
540 2636 640 2714 procul
665 2653 684 2694 a
709 2637 809 2695 castris
837 2635 983 2694 Romania.
1008 2637 1050 2695 ibi

67 2774 70 2781 Ι
133 2710 239 2784 paucis
253 2714 347 2770 verbis
362 2713 482 2790 mansigi
495 2731 556 2772 rem
577 2731 670 2790 posse,
685 2725 717 2772 ut
731 2733 816 2771 omne
835 2733 941 2772 nomen
954 2714 1050 2773 Luca·

140 2803 210 2844 num
233 2786 263 2842 in
283 2789 342 2846 fide
355 2807 390 2846 ac
409 2791 548 2848 societate
563 2790 695 2848 Romana
714 2791 759 2848 sit.
799 2790 958 2858 Gracchus,
973 2792 1050 2850 frau-

141 2861 206 2920 dem
221 2872 251 2918 et
271 2864 395 2920 sermoni
408 2876 437 2919 et
459 2865 501 2920 rei
522 2867 624 2922 abesse
636 2879 773 2932 retusae
792 2866 975 2924 similitudine
988 2871 1048 2928 veri

134 2952 251 3018 captus,
275 2956 341 2995 cum
362 2937 509 2996 lictoribus
522 2957 557 2996 ac
572 2937 667 2998 turma
680 2941 807 3017 equitum
828 2944 958 3002 ecasuis
981 2965 1048 3022 pro-

133 3019 241 3086 dectus,
261 3015 336 3074 duce
358 3015 471 3094 hospite
491 3016 521 3074 in
543 3015 659 3076 insidias
682 3017 894 3095 praecipitatur.
937 3021 1048 3086 Hostes

137 3097 236 3154 subito
260 3093 369 3154 exorti:
399 3109 438 3165 et,
462 3113 500 3154 ne
519 3095 608 3154 dubia
626 3095 748 3172 proditio
769 3108 854 3166 esset,
869 3097 983 3158 Flavius
1002 3102 1047 3161 his

63 3241 69 3248 ι
140 3192 171 3232 se
194 3173 334 3250 arbungit.
359 3171 417 3230 tela
441 3173 566 3252 undique
588 3173 617 3231 in
638 3173 803 3234 Gracchum
827 3186 913 3252 atque
936 3178 1047 3254 equites

136 3251 337 3328 conjiciuntur.
385 3249 536 3309 Gracchus
556 3269 595 3309 ex
613 3269 687 3329 equo
711 3251 813 3311 desilit.
836 3251 912 3312 idern
933 3267 1046 3316 ceteros

135 3327 232 3388 facere
251 3329 555 3408 juhet,.hortaturque,
569 3339 610 3398 ut,
630 3330 706 3406 quod
728 3349 816 3388 unum
836 3331 975 3409 reliquum
988 3333 1045 3390 for·

135 3407 207 3464 tuna
229 3407 338 3482 feeerit,
356 3408 388 3468 id
408 3405 596 3470 cohonestent
610 3407 723 3469 virtute.
764 3408 927 3488 ‹Reuqnum
939 3421 1043 3474 autem
