2406 3932
433 242 599 314 LI'B'ER
628 251 743 316 XXIII.
982 257 1036 318 mr

136 409 366 479 Romanunm
385 409 486 470 hostes
504 419 631 470 tensam.
670 407 875 486 xenophanes·
886 415 1041 487 perprae-

136 488 355 550 sitlr'aRomaoa
367 488 401 546 in
412 487 609 564 Campaniam,
630 487 706 554 inde,
731 488 788 564 qua
801 484 963 563 proximum
974 486 1040 558 fait,

132 568 163 626 in
176 577 279 626 castra·
290 559 470 630 Hannibalis,
491 564 636 642 pervenit,
648 565 751 624 foedus
772 583 808 622 ue
820 582 889 622 cum
903 581 939 623 eo
950 575 1040 642 atque

134 645 289 704 amicitiam
307 642 402 721 jumir
425 642 538 716 legibue
560 641 623 700 his:
647 643 689 702 Ut
711 584 860 734 Phllippua
879 661 931 702 rex
956 644 1041 720 ιιιῐιιιιι

134 724 261 782 maximi
279 721 376 780 classe.
393 721 544 798 (ducentas
564 731 661 778 autem
681 738 767 779 naves
786 720 936 780 videbatur
956 719 1042 780 effac·

134 803 227 878 turus)
240 802 269 858 in
284 798 397 858 ltaliam
411 799 561 876 trajiceret,
582 810 612 857 et
625 809 749 858 vastaret
761 798 930 858 maritimam
944 817 1043 858 oramr

134 880 309 955 bellumpm
321 887 404 956 parte
417 895 468 938 aua
488 878 564 936 terni
582 876 710 954 marique
730 887 852 952 gereret.
873 878 930 936 ubi
943 875 1043 938 debel-

113 965 116 970 '
135 955 235 1015 latum·
246 967 332 1026 esset,
352 954 437 1014 ltalia
455 955 548 1014 omnis
568 973 635 1014 cum
648 956 711 1034 ipsa
724 955 795 1012 urbe
810 953 905 1012 Roma
917 956 1041 1016 Kartha·

135 1033 308 1172 aaran
327 1031 1043 1186 lili,¹³⁸lll⁸0¹lti⁸⁵ilniffilll3nllll

136 1189 304 1258 Graeciam,
320 1190 505 1281 heliamque,
520 1208 585 1282 cum
599 1191 703 1283 quibus
716 1187 833 1280 regibus
846 1187 981 1265 placeret,
994 1206 1044 1264 ge·

134 1264 1045 1425 iammfflll‘asllltl'sglllnlibili&

176 1421 319 1480 XXXiV.·
347 1365 393 1480 ln
407 1424 460 1484 hae
479 1425 569 1483 ferme
589 1425 669 1502 leges
690 1425 765 1485 inter
813 1441 919 1481 oenum
940 1421 1045 1482 ducem

135 1500 301 1579 legatosque
315 1501 616 1560 Macedonum'ict'am
629 1503 741 1570 foedus,
766 1501 902 1578 missique
924 1517 991 1559 cum
1008 1501 1045 1559 iis

136 1579 173 1636 sd
186 1579 261 1654 regia
273 1577 363 1655 ipsius
375 1578 542 1636 firmandam
556 1579 643 1638 iidem
657 1580 753 1669 legati,
774 1578 875 1654 Gisgo,
890 1589 920 1640 at
933 1579 1046 1650 Bomar,

136 1669 167 1715 et
177 1655 278 1732 Mago,
291 1654 395 1712 eodem
408 1655 446 1714 ad
460 1655 583 1714 lunonis
592 1655 739 1728 Laciniae,
760 1656 810 1714 ubi
832 1657 919 1714 navia·
930 1657 1044 1716 occulta

135 1733 165 1790 in
188 1734 312 1792 statione
332 1745 402 1802 erat,
427 1734 614 1810 perveniunt:
636 1734 703 1793 inde
725 1731 856 1812 profecti,
879 1753 966 1811 quum
983 1737 1044 1812 jam

136 1811 225 1870 sltnm
248 1822 391 1876 tenerent,
411 1812 559 1889 conspecti
573 1831 591 1870 a
604 1813 696 1871 classe
717 1813 850 1870 Romana
871 1824 948 1880 suot,
969 1829 1045 1891 quae

136 1889 276 1967 praesidio
290 1901 351 1949 erat
366 1888 517 1948 Calabriae
536 1890 686 1950 littoribus.
729 1891 763 1948 Pr
777 1889 910 1948 Valerius
923 1889 1045 1950 Flaccus

137 1983 269 2044 cercuros
282 1966 320 2024 ad
333 1967 563 2045 persequendam.
571 1969 830 2061 retrahendamque
836 1987 938 2027 navem
954 1987 1043 2046 quum

136 2036 268 2112 misisset,
282 2043 486 2121 primofugere
509 2044 579 2120 regii
602 2047 715 2104 conati:
739 2047 853 2114 demde,
874 2047 926 2104 ubi
944 2047 1044 2106 celeri-

137 2133 197 2200 tate
211 2121 285 2180 vinci
300 2137 458 2190 senaemm,
472 2121 589 2180 tradunt
603 2141 634 2180 se
646 2123 783 2181 Romanis
795 2147 802 2181 ι
816 2125 855 2193 ct,
866 2123 905 2182 ad
915 2125 1043 2202 praefcc·

137 2201 199 2260 tu‘m
213 2199 312 2258 dassia
325 2198 451 2269 adducti,
475 2218 574 2277 quum
586 2205 745 2278 quaereret,
770 2202 827 2292 qui,
851 2213 882 2258 et
902 2203 988 2292 unde,
1011 2213 1048 2260 et.

136 2276 962 2446 infallibilis<lollianilllllll
982 2299 1046 2419 ll

127 2445 236 2492 'manos
250 2433 378 2502 missum,
391 2434 429 2491 ad
444 2435 486 2491 M.
501 2434 657 2504 Valerium,
679 2435 717 2494 ad
730 2455 815 2513 quem
828 2454 919 2493 unum
931 2435 985 2493 iter
997 2446 1045 2492 tu·

137 2525 200 2571 tum
213 2511 308 2577 flrerit,
332 2512 512 2588 pervenisse:
535 2512 722 2590 Campaniam
746 2531 880 2590 superare
897 2513 1044 2587 nequisse,

138 2599 250 2666 septam
259 2589 385 2646 hostium
399 2588 554 2664 praesidiis.
594 2590 719 2659 Deinde,
744 2602 776 2648 ut
801 2590 928 2648 Punicus
951 2588 1047 2646 cultus

138 2667 311 2744 habitusque
325 2676 474 2743 suspectos
496 2667 606 2743 legatos
629 2666 699 2725 fecit
722 2666 904 2734 Hannibalis,
926 2665 1047 2725 interro*

137 2757 277 2824 gatosque
291 2761 384 2802 sermo
397 2743 540 2821 prodidit3
564 2756 634 2814 tum,
654 2745 806 2804 comitibus
815 2763 924 2802 ‘eorum
944 2745 1049 2806 seduc*

138 2825 183 2893 tis,
208 2841 243 2882 ac
269 2821 476 2892 menatensis,
500 2821 600 2880 literae
623 2841 737 2914 quoque
758 2823 796 2881 ab
819 2822 985 2884 Hannibale
1004 2823 1046 2882 ad

138 2901 301 2980 Philippum
314 2900 457 2970 inventae,
477 2912 508 2960 et
520 2913 606 2978 pacta
629 2913 704 2959 mter
726 2921 823 2978 regem
849 2902 1045 2964 Macedonum

139 2979 325 3058 Poenumque
349 2979 461 3038 ducem.
514 2979 628 3044 Quibus
655 2979 724 3039 satis
747 2981 878 3058 cognitis,
903 2982 1051 3058 optimum·
1102 3021 1111 3040 ι

137 3059 296 3128 visumst,
316 3057 445 3136 captivos
464 3057 641 3134 comitesque
661 3077 760 3117 eorum
776 3061 897 3117 llomam
912 3059 949 3116 ad
962 3073 1046 3114 sena·

139 3147 210 3202 tum,
224 3147 275 3192 aaut
294 3135 332 3193 arl
346 3134 670 3212 consulea'ubicunque
690 3148 794 3207 esseut,
816 3155 901 3216 quam
921 3136 1051 3213 primum
1148 3155 1153 3162 ·

140 3211 299 3288 deportare.
315 3213 394 3270 adid
415 3211 579 3270 celerrimae
597 3215 723 3292 quinque
743 3234 829 3274 naves
849 3214 1045 3281 delectae,·ac

139 3288 176 3348 L.
189 3287 320 3347 Valerius
333 3285 447 3360 Antias,
469 3290 517 3366 qui
537 3305 691 3367 praeesset,
713 3295 834 3352 missus:
860 3293 944 3367 eique
965 3305 1067 3344 man-¹·

140 3367 251 3450 sigium,
265 3377 299 3424 ut
310 3369 340 3424 in
354 3385 455 3427 omnes
464 3386 551 3428 nares
569 3368 690 3447 legatos,
711 3373 861 3448 separatim
882 3363 1045 3446 custodien-

138 3446 200 3516 dos,
215 3444 373 3514 divideret;
393 3445 532 3524 daretque
543 3464 669 3524 operam,
683 3467 721 3506 ne
735 3447 811 3525 quod
824 3447 858 3504 iis
871 3439 1045 3518 colloquium

139 3523 212 3585 ister
230 3543 272 3597 se,
296 3523 369 3584 nere
388 3543 462 3604 quae
485 3525 709 3596 communicatio
731 3521 839 3582 canalii
862 3529 948 3579 esset.
987 3519 1049 3586 Per,
