2534 4010
200 251 240 314 do
510 241 527 290 Γ
554 243 759 309 ιΤμιΝΠ
847 305 852 314 .

198 407 318 486 Alpium
334 405 465 465 transitu.
499 407 663 478 Hannibal,
685 407 750 485 quia
771 419 904 466 revocare
931 421 981 468 aut
995 413 1021 469 vi
1043 410 1110 472 reti·
1216 411 1217 416 ’

196 503 274 548 nere.
289 503 339 544 eos
362 493 468 562 anceps
488 499 559 556 erat,
578 505 617 544 ne
637 498 796 545 ceterorum
811 485 897 544 etiam
919 487 1029 548 feroces
1045 490 1110 548 ani·

196 563 236 622 mi
259 563 444 631 irritarentur,
472 583 558 642 supra
584 572 695 641 septem
722 563 810 622 millia
836 563 984 623 bominum
1006 567 1109 628 dumos

194 641 312 710 remisit,
326 659 398 718 qnos
421 651 451 699 et
473 642 535 720 ipsc
557 643 667 716 gmvari
689 643 790 702 militia
811 655 947 714 senserat,
970 645 1108 722 Carpeta-

195 733 372 796 unaquoque
385 719 424 796 ab
437 737 470 778 se
483 720 616 780 dimissos
630 720 775 779 simulans.

232 797 344 856 XXIV.
383 797 474 866 luna,
488 815 526 857 ne
548 817 629 858 mora
648 811 735 874 atque
755 797 846 860 orium
869 800 979 860 ammos
1003 801 1118 860 sollici-f

118 867 125 884 “
193 885 297 944 tarent,
325 893 392 933 curn
418 874 535 1010 reliquis
563 877 651 953 copiis
682 875 862 952 Pyrenaeum
890 881 1104 960 transgreditur,

192 967 222 1012 et
245 953 287 1012 ad·
304 951 442 1030 oppidum
464 953 570 1016 Hiberi
592 963 686 1011 castra
712 952 798 1011 locat.
838 956 916 1013 Galli
939 975 1104 1036 quanquam

119 1035 125 1050 '
192 1031 293 1091 ltaliae
312 1031 421 1090 bellum
441 1031 535 1089 inferri
559 1030 724 1100 audiebant,
746 1041 852 1100 tamem
867 1033 934 1109 quia
954 1035 981 1090 vi
1000 1037 1104 1094 subac-

190 1123 238 1169 tos
250 1121 329 1169 trans
353 1109 532 1188 Pyrenaeum
556 1109 704 1186 Hispanos
722 1107 800 1188 fama
819 1126 891 1180 erat,
904 1111 1103 1190 praesidiaque

190 1189 285 1247 valida
307 1188 451 1265 imposita,
476 1197 556 1246 metu
582 1187 725 1246 servitutis
752 1187 790 1246 ad
815 1206 896 1247 arma
916 1189 1123 1265 consternati„

190 1265 389 1323 Ruscinonem
411 1265 520 1342 aliquot
538 1265 637 1344 populi
661 1266 845 1324 conveniunt.
865 1268 940 1344 quad
956 1268 1006 1326 ubi
1020 1266 1103 1326 Han·

189 1343 277 1400 nibali
298 1342 464 1402 nunciatum
485 1355 539 1414 est,
554 1360 663 1402 moram
686 1344 888 1434 magiauuam
911 1346 1028 1414 bellum,
1043 1365 1103 1406 me-

190 1433 283 1490 tuens,
294 1431 425 1496 oratores
445 1421 483 1480 ad
502 1422 617 1500 regulos
637 1439 740 1500 eorum
759 1423 847 1490 misit,
867 1423 991 1500 colloqui
1011 1437 1103 1483 semet

189 1498 288 1576 ipsum
301 1497 374 1556 velle
387 1517 454 1556 enm
475 1498 539 1570 his;
564 1512 595 1561 et
609 1499 654 1558 vel
674 1496 713 1556 illl
727 1499 843 1577 propius
861 1499 968 1558 illiberi
982 1493 1102 1559 accede·
1216 1555 1217 1572 ,

188 1585 261 1646 rent,
279 1576 325 1635 tel
345 1596 376 1636 se
395 1577 590 1638 Ruscinonem
610 1595 820 1658 processurum,
834 1589 867 1636 ut
887 1597 925 1638 ex
940 1579 1101 1670 propinquo
1216 1573 1217 1610 ³

188 1657 360 1732 edngresatts
380 1654 493 1734 facilior
515 1670 610 1718 esset:
641 1675 709 1718 nam
734 1668 764 1714 et
786 1668 974 1733 accepturum
998 1675 1047 1716 eos
1072 1675 1101 1716 ru

187 1743 282 1794 caetra
305 1753 357 1796 sua
380 1751 412 1794 se
435 1735 553 1802 laetum,
567 1753 622 1791 nec
644 1744 815 1790 cunctanter
836 1750 867 1788 se
886 1734 983 1808 ipsum
998 1735 1035 1790 ad
1049 1753 1100 1792 eos

187 1823 349 1872 ventumm.
397 1811 552 1885 Hospitem
580 1808 714 1863 enimse
741 1806 864 1876 Galliae,
888 1823 946 1866 non
974 1809 1097 1881 hostem,

186 1891 353 1948 advenisse:
377 1905 433 1944 nec
453 1883 617 1940 stricturum
640 1895 708 1942 ante
731 1882 867 1960 gladium,
883 1885 906 1942 si
925 1903 977 1964 per
996 1887 1099 1946 Gallos

99 1987 104 1992 ·
186 1968 280 2032 liceat,
303 1981 390 2040 quam
412 1962 442 2018 in
464 1959 579 2018 italiam
593 1961 726 2020 venisset.
766 1961 889 2040 Etpem
902 1965 1023 2024 nuncios
1037 1966 1099 2044 qui·

186 2043 252 2102 dam
276 2041 357 2098 haec.
397 2040 447 2104 Ut¹
457 2055 524 2098 veto
545 2039 636 2118 reguli
650 2039 809 2112 Gallorum,
824 2042 925 2101 castris
938 2044 975 2102 ad
989 2044 1097 2106 illibati
1113 2071 1115 2076 κ

186 2118 333 2196 extemplo
357 2117 454 2187 motis,
478 2117 694 2196 haudlgravate
721 2121 758 2179 ad
786 2121 916 2180 Poenum
939 2136 1098 2190 nonerunt3
1216 2099 1217 2128 ³

185 2198 263 2276 capti
283 2197 374 2268 donis,
396 2214 462 2256 cum
483 2193 562 2256 bona
584 2216 657 2274 pace
680 2198 838 2256 exercitum
862 2217 914 2276 per
935 2199 1008 2255 linos
1028 2217 1097 2260 suos

184 2283 298 2355 plaster
307 2275 508 2340 ¹Ruscinonem
521 2269 658 2352 oppidum
673 2271 898 2334 iransmiserunt.

193 2411 197 2418 „
223 2353 317 2411 XXV.
357 2352 395 2410 iu
409 2353 522 2410 ltaliam
540 2352 654 2412 interim
674 2352 742 2410 nihil
767 2353 850 2422 ultra,
871 2370 956 2432 quam
977 2353 1096 2432 Iberum

184 2434 321 2494 transisse
342 2431 546 2501 Hannibalem,
568 2445 586 2490 a
606 2430 829 2490 Massiliensium
849 2431 951 2510 legatis
973 2433 1095 2491 liomam
1149 2465 1152 2470 ·

183 2512 325 2592 perlatum
347 2522 427 2570 erat:
457 2529 545 2588 quum
564 2509 691 2588 perinde,
705 2510 776 2568 acsi
792 2510 884 2590 Alpes
903 2513 964 2588 jum
978 2515 1097 2570 transis·
1196 2553 1217 2580 ¹,

184 2605 238 2662 set,
260 2591 333 2670 Boji,
356 2587 515 2648 sollicitatis
539 2589 716 2657 Insubribus,
739 2587 906 2648 defecerunt
918 2605 941 2657 v;·
956 2607 1011 2648 nec
1034 2601 1094 2648 tam

185 2671 223 2726 ob
238 2681 349 2727 veteres
372 2669 412 2727 in·
424 2667 567 2747 Populum
588 2667 753 2726 Romanum
772 2667 838 2739 iras,
853 2685 938 2746 quam
952 2667 1029 2746 quod
1042 2687 1095 2726 nu·

183 2763 243 2822 per,
261 2746 337 2802 circa
357 2747 479 2816 Padum,
500 2747 687 2816 Placentiam,
709 2747 947 2819 Cremonamque,
968 2746 1094 2803 colonias

182 2823 212 2902 in
236 2821 350 2896 Agrum
374 2820 519 2878 Gallicum
537 2823 678 2878 deductas
696 2837 783 2893 aegre
803 2819 993 2894 patiebantur.
1033 2820 1097 2904 Itu-⁸
1216 2813 1217 2820 '

183 2913 248 2977 quc,
269 2897 355 2954 armis
376 2908 495 2973 repente
517 2895 646 2971 arreptis,
667 2895 696 2951 in
716 2895 895 2970 semipsum
916 2913 1017 2968 agrum
1040 2897 1093 2954 im·

181 2987 251 3054 petu
277 2975 364 3044 facto,
390 2985 505 3031 tantum
528 2972 642 3030 terroris
655 3015 659 3019 -
672 2989 708 3030 ac
732 2972 874 3032 tumultus
896 2971 1034 3044 iecerunt,
1059 2988 1093 3035 ut

182 3067 239 3112 non
251 3053 371 3130 agrestis
384 3051 470 3109 modo
490 3050 653 3120 multitudo,
668 3049 719 3108 sed
731 3051 793 3128 ipse
806 3051 942 3112 triumuiri
958 3050 1098 3126 Romani,
1169 3064 1175 3080 ⁸

181 3131 237 3210 qul*
252 3131 290 3189 ad
309 3147 410 3208 agnum
429 3129 800 3207 venemnt'assignandum,
820 3127 909 3188 diffisi
925 3131 1091 3194 Placentiae

181 3209 341 3278 moenibus,
364 3207 510 3268 Mutinam
534 3208 722 3285 confugerint,
737 3207 781 3268 Α(3.
802 3209 945 3276 Lutatius,
967 3206 1003 3269 C.
1026 3212 1092 3272 Ser·

181 3288 273 3358 vilius,
300 3285 336 3346 Τ.
357 3286 484 3348 *Annius
523 3287 633 3346 Lnutii
659 3289 763 3347 nomen
790 3287 876 3347 haud·
894 3285 1014 3347 dubium
1037 3299 1098 3349 est:

181 3373 233 3443 pio
255 3369 297 3429 C:
314 3361 447 3427 Servilio·
462 3381 493 3427 et
515 3367 551 3424 Τ.
567 3367 682 3438 ¹Annio,
706 3369 743 3433 Q„
769 3366 893 3424 Acilium
915 3369 1003 3428 etc.
1027 3367 1097 3424 lie-²

80 3449 82 3456 '
181 3449 311 3505 rennium
326 3447 451 3506 frabent
480 3445 594 3526 quidam
628 3445 769 3514 annalesa
795 3443 911 3518 oritus
924 3443 1100 3505 cumton·
1216 3445 1217 3470 ¹

81 3547 83 3550 ·
189 3521 304 3586 *asinam
323 3526 402 3598 stc.
416 3525 561 3606 Papirium
584 3524 748 3600 Masonem.
786 3524 948 3604 qunoque
967 3520 1107 3624 dubium-y
