2406 3932
162 241 201 299 oo
514 219 720 298 u'ntv'tt

161 391 259 452 Creati
274 391 327 450 M'.
341 393 517 471 Pomponius
531 393 636 453 Matho
650 405 681 454 et
701 395 735 452 P.
756 391 856 450 Finitis
879 391 990 452 Fnilus.
1011 391 1071 454 ue-

161 487 226 528 mae
249 471 306 546 juri
333 471 459 529 dicundo
485 473 596 530 urbana
622 491 684 530 sors
703 471 871 548 Pomponio,
898 471 1071 532 1111111111

162 547 310 606 Romanos
324 561 353 607 et
374 550 537 626 peregrinos
558 551 591 607 P.
614 551 699 608 Furio
721 549 803 606 Pbilo
823 549 926 606 evenit.
969 549 1070 608 Audin

161 624 219 685 duo
232 637 387 702 praetores,
403 627 447 684 M.
463 627 600 687 Claudius
621 627 777 687 Marcellus
798 627 829 682 in
854 623 987 695 Siciliam,
1010 627 1070 684 Lu-

162 703 223 761 cius
245 703 409 762 Postumius
434 705 559 763 Albinus
580 706 609 763 in
631 705 765 762 Galliam.
805 703 915 763 Omnes
932 704 1070 762 absentet

162 780 249 838 creati
274 793 356 840 sunt:
385 801 440 840 nec
467 783 599 860 cuiquam
628 801 736 850 eorum,
765 793 879 858 praeter
902 781 1069 840 Terentium

105 855 109 866 ’
161 859 318 927 consulem,
338 860 490 918 mandatus
510 852 611 930 ho'nos,
633 879 717 937 quem
738 863 797 938 jam
816 879 875 918 non
899 873 984 919 anteo
1006 877 1070 936 ges·

161 937 253 1004 nisset,
268 937 427 1014 praeteritis
440 939 548 1016 aliquot
561 939 682 996 fortibus
696 955 731 996 111
754 939 878 996 strenuis
899 938 985 1006 riris3
1004 938 1071 1014 quit

160 1015 191 1150 {p
204 1014 254 1149 tqli
269 1029 398 1094 tempore
411 1015 481 1073 uuili
503 1035 594 1074 novus
614 1016 797 1092 magistratus
819 1016 970 1074 videbatur
989 1021 1069 1072 mani·

181 1109 215 1150 an
239 1113 280 1150 us.
1060 1145 1063 1150 .

200 1169 339 1227 XXXVI.
398 1169 581 1230 Exnncrnus
621 1189 735 1249 quoque
775 1169 953 1247 multiplicati
993 1181 1071 1228 sust

161 1249 295 1312 Quantae
308 1259 404 1306 autem
423 1249 552 1324 peditum
573 1249 758 1327 equitumque
780 1249 896 1306 additae
916 1247 1073 1323 1111111111-

160 1341 204 1392 11,
220 1323 292 1382 adeo
307 1336 336 1382 ct
354 1343 473 1383 numero
494 1337 523 1384 et
543 1347 650 1402 genere
672 1327 818 1403 copiarum
842 1327 1070 1398 1111111111-

160 1418 215 1470 res,
230 1414 262 1458 ut
276 1401 323 1460 vix
337 1403 487 1478 quicquam
503 1405 571 1462 satis
585 1416 695 1463 certum
709 1403 848 1462 affirmare
868 1404 969 1461 ausim.
996 1402 1070 1460 De·

161 1497 224 1538 cent
240 1479 327 1538 millia
340 1497 477 1538 novorum
498 1483 620 1541 militum
641 1483 688 1540 alii
706 1480 811 1559 scripta
833 1481 863 1537 in
886 1480 1071 1556 supplemen-

161 1569 243 1615 tum:
271 1557 318 1615 alii
344 1577 433 1616 novas
456 1574 578 1637 quatuor
599 1561 738 1637 legiones,
761 1571 794 1617 ut
815 1569 882 1617 octo
907 1556 1069 1632 legionibus

160 1653 222 1693 rem
235 1647 387 1711 gererent:
407 1657 527 1696 numero
541 1658 655 1716 quoquc
674 1638 803 1715 peditum
825 1637 1011 1714 equitumque
1029 1634 1070 1692 le·

160 1714 260 1792 gioues
274 1725 383 1783 auctas,
398 1716 522 1774 millibus
536 1717 663 1792 peditum
678 1726 708 1771 et
725 1716 855 1771 centenis
876 1714 1021 1789 equitibus
1041 1713 1071 1768 iu

160 1791 287 1870 singulas
300 1793 428 1870 adjectis,
443 1807 474 1850 ut
489 1793 574 1868 quina
595 1791 682 1846 millia
701 1791 840 1864 peditum,
861 1788 970 1845 treceni
990 1790 1070 1864 equi·

160 1881 205 1928 tes
229 1883 343 1937 essent3
369 1869 436 1928 socii
465 1867 607 1944 duplicem
635 1885 785 1924 numerum
808 1865 936 1944 equitum
957 1865 1074 1936 durent,¹

159 1947 270 2024 pedites
291 1957 465 2025 aequarent:
485 1959 595 2022 septem
619 1955 649 2002 et
672 1945 820 2021 octoginta
838 1943 926 2001 millia
946 1953 1071 2003 armato·

129 2025 131 2030 ’
159 2041 223 2081 rum
245 2035 275 2082 et
298 2024 438 2084 ducentos
464 2024 494 2082 in
518 2023 618 2082 castris
639 2023 787 2092 Romanis,
801 2041 889 2101 quum
909 2031 1071 2100 pugnatum

161 2101 328 2160 ad¹Cannas
342 2116 395 2173 est,
415 2101 531 2181 qnidam
555 2113 686 2162 auctores
707 2113 783 2166 sunt.
823 2101 900 2158 illud
920 2100 1070 2176 haudqua-

162 2195 247 2256 quam
270 2180 421 2256 discrepat‚
444 2184 552 2258 majore
572 2191 679 2238 conatu
702 2192 790 2257 atque
810 2179 918 2254 impetu
938 2195 999 2234 rem
1020 2195 1068 2234 oe·

160 2270 231 2326 tum,
246 2277 330 2333 quam
345 2259 486 2334 prioribus
500 2257 603 2324 aunis3
621 2259 686 2334 quia
700 2277 789 2334 spem,
803 2272 887 2330 posse
907 2253 980 2310 vinci
1002 2252 1071 2310 hos·

160 2345 230 2402 tem,
257 2335 380 2395 dictator
405 2336 586 2410 praebuerat.
637 2335 783 2400 Ceterum,
803 2330 966 2407 priusquam
986 2329 1069 2405 signa

160 2412 198 2471 ab
213 2412 283 2471 urbe
296 2430 387 2469 novae
401 2411 528 2488 legiones
549 2422 704 2478 moverent,
725 2407 876 2467 decemviri
900 2407 988 2465 libros
1008 2407 1070 2464 sdi-

160 2499 194 2554 11
204 2503 292 2570 atque
313 2489 452 2568 inspicere
469 2490 540 2568 jussi
563 2501 679 2568 propter
699 2489 814 2544 territos
831 2485 920 2559 vulgo
937 2484 1069 2548 hominos

160 2572 241 2630 novis
262 2569 404 2648 prodigiis.
425 2587 502 2638 nam,
522 2580 551 2632 et
573 2568 683 2623 Romae
703 2565 732 2621 in
759 2563 904 2620 Aventino
924 2574 953 2619 et
974 2561 1070 2620 Arioi·

161 2665 205 2714 ee,
227 2651 393 2706 nunciatum
418 2655 489 2718 erat,
512 2647 565 2704 sub
585 2643 662 2702 idem
681 2655 801 2720 tempus
819 2640 962 2718 lapidibus
981 2639 1068 2718 pluis·

161 2741 214 2780 se:
245 2735 275 2782 et
295 2728 386 2784 multo
409 2745 511 2785 cruore
531 2725 612 2800 signa
631 2723 660 2780 in
683 2721 796 2782 Sabinis
817 2719 924 2786 caedis,
944 2735 1069 2795 aqueae

158 2799 238 2857 fonte
251 2800 358 2858 calidas
373 2807 513 2860 mansisse.
552 2802 587 2858 id
601 2801 726 2876 quidem,
747 2798 843 2860 etiam,
865 2795 942 2872 quod
955 2797 1069 2871 saepius

161 2875 315 2942 acciderat,
330 2880 421 2951 magis
434 2879 577 2937 terrebam
597 2887 625 2932 et
640 2876 669 2930 in
689 2875 734 2930 via
756 2871 916 2941 Fornicata,
937 2889 1011 2949 quae
1028 2871 1067 2928 sd

161 2971 293 3031 campum
308 2967 378 3021 erat,
392 2953 500 3028 aliquot
520 2950 649 3006 homines
671 2949 708 3006 de
729 2947 813 3007 coelo
833 2951 902 3008 tacti
922 2947 1066 3008 exanima·

162 3033 240 3111 tique
253 3029 376 3089 fuerant.
416 3029 460 3088 Ea
474 3027 602 3108 prodigia
616 3045 652 3085 ex
672 3025 751 3086 libris
772 3040 932 3104 procurata.
970 3024 1067 3102 Lega-

64 3147 69 3151 —
160 3112 183 3172 ti
197 3129 214 3170 a
229 3111 333 3168 Paesto
347 3119 461 3186 pateras
474 3123 575 3167 aureas
595 3104 719 3164 Romam
742 3105 908 3164 attulerunt.
928 3102 970 3172 iis,
992 3105 1067 3164 sicut

161 3187 367 3267 Neapolitanis,
381 3187 490 3266 gratim
503 3198 595 3254 actae,
609 3203 710 3243 aurum
723 3203 780 3242 non
794 3193 955 3257 acceptum.
1032 3206 1036 3214 ,

201 3267 254 3326 XX
260 3267 355 3324 XVll.
397 3267 463 3324 l'ne
477 3263 593 3324 eosdem
607 3263 668 3322 dies
681 3265 718 3322 ab
733 3261 861 3320 Hierone
874 3259 973 3318 classis
987 3260 1066 3324 0111δ

161 3366 209 3406 am
222 3365 289 3406 cum
303 3363 407 3423 magno
421 3355 584 3404 commeatu
597 3342 727 3402 accessit.
766 3337 869 3414 Legati
885 3337 1064 3416 Syracusani,

80 3429 85 3435 '
159 3426 189 3482 in
210 3437 342 3486 senatum
365 3423 529 3492 introducti,
549 3422 740 3480 nunciarunt:
761 3416 887 3476 Caedem
908 3417 942 3475 C.
964 3413 1087 3490 Flami„

159 3501 199 3559 nii
220 3506 345 3590 consulis
368 3503 568 3581 exercitusque
588 3500 705 3562 allatam
725 3496 897 3572 sdeouegra
910 3493 1007 3553 1111111
1019 3510 1066 3552 re·
