2386 3930
447 187 611 252 crosa
639 189 734 250 xxv.
989 199 1046 286 247

142 345 297 410 tumultum
311 354 443 424 exparte
463 355 566 424 captae
589 345 676 416 urbis,
691 343 842 416 Bomilcar,
855 351 971 406 noctem
982 366 1049 410 eam

140 437 255 494 nactus,
269 424 325 502 quai
337 433 454 501 propter
466 424 522 482 rim
536 424 714 502 tempestatis
736 435 811 484 stare
834 423 872 482 ad
894 423 1050 488 anchoram

141 502 173 562 in
186 501 246 562 salo
260 501 393 561 Romana
406 499 504 560 classis
524 520 581 559 non
595 514 700 578 posset,
715 521 781 562 cum
795 500 911 578 triginta
924 503 1050 584 quinque

141 579 262 640 naribus
275 599 312 639 ex
333 590 418 656 portu
440 579 620 658 Syracusano
638 580 791 656 profectus,
806 579 895 640 libero
917 581 988 638 mari
1001 601 1049 642 vc·

140 657 170 718 la
182 657 212 716 in
232 657 324 716 altum
333 657 425 726 dedit,
446 655 571 734 quinque
591 666 620 715 et
639 657 843 748 quinquaginta
866 656 987 716 navibus
1010 657 1050 718 E·

140 734 264 814 picydae
285 745 315 793 et
331 733 519 811 Syracusanis
537 731 662 792 relictis:
683 734 847 812 edoctisque
865 733 1050 812 Karthagini·

141 812 270 881 ensibus,
283 810 313 871 in
326 822 432 890 quanto
453 830 498 870 res
513 811 693 888 Syracusana
706 811 866 870 discrimine
880 824 968 882 esset,
983 832 1050 876 cum

142 899 260 950 centum
281 889 401 946 navibus
420 901 486 965 post
508 907 617 968 paucos
630 888 692 947 dies
711 887 794 957 redit,
808 889 914 960 multis,
929 902 961 949 ut
973 891 1051 953 fama

30 989 33 992 ·
141 977 196 1038 est,
211 965 293 1024 donis
307 985 344 1024 cx
358 965 494 1028 Hieronis
506 984 579 1044 gaza
593 967 631 1025 ah
646 965 775 1046 Epicyde
789 965 921 1024 donatus.

181 1041 292 1104 XXVI.
332 1041 544 1114 Marcomons,
566 1043 692 1123 Euryalo
714 1055 833 1122 recepto
853 1042 1052 1124 praesidioque

141 1120 250 1192 addito,
264 1121 322 1180 und
341 1121 412 1184 curia
431 1133 492 1180 erat
510 1121 590 1194 liber,
604 1141 643 1182 ne
656 1123 762 1200 qua'ab
777 1119 914 1201 tergoris
927 1119 1053 1186 hostium

141 1198 172 1256 in
191 1216 286 1258 arcem
307 1207 427 1278 accepta
449 1197 574 1260 inclusos
592 1197 801 1280 impeditosque
820 1196 972 1260 moenibus
985 1217 1052 1263 suos

143 1276 281 1350 turbaret.
321 1273 517 1334 Achradinam
543 1275 619 1346 inde,
641 1275 721 1336 trinis
745 1277 845 1336 castris
872 1294 924 1356 per
949 1275 1055 1344 idonea

142 1351 187 1412 dis
227 1352 287 1412 sitis
307 1351 380 1421 loca,
395 1372 446 1431 spe
459 1353 497 1412 ad
518 1353 644 1433 inopiam
667 1354 795 1427 omnium
818 1373 912 1414 rerum
926 1352 1053 1416 inclusos

141 1449 157 1487 r
194 1441 333 1501 acturum,
347 1430 539 1490 circumsedit.
579 1433 676 1494 Quum
696 1452 748 1509 per
767 1431 875 1509 aliquot
896 1431 957 1492 dies
1013 1432 1053 1492 ie-

142 1517 191 1566 tae
214 1507 351 1567 stationes
374 1508 508 1581 utrinque
527 1505 656 1574 fuissent,
676 1516 795 1582 repente
818 1507 958 1566 adrentrm
974 1451 1054 1588 idip-

163 1585 268 1642 ocratis
280 1597 311 1640 et
333 1581 515 1649 Himilconis,
536 1591 569 1638 ut
592 1579 667 1640 ultro
682 1581 807 1658 undique
820 1596 1055 1661 oppugnarentur

173 1658 278 1728 omani,
291 1656 370 1717 fecit.
392 1667 503 1716 namet
526 1656 729 1736 Hippocrates,
743 1659 843 1716 castris
856 1657 894 1718 ad
917 1679 945 1716 m
1004 1680 1054 1723 urn

141 1747 258 1814 portum
281 1733 473 1805 communitis,
487 1735 626 1811 signoque
646 1734 680 1792 iis
694 1734 835 1812 dato,'qui
856 1735 956 1796 Achra
977 1737 1053 1804 inam

142 1815 291 1884 tenebant,
311 1823 405 1872 castra
417 1824 514 1872 vetera
528 1811 726 1871 Romanorum
744 1811 863 1872 adortus
883 1825 937 1884 est,
951 1814 1055 1894 quibus

144 1891 292 1967 Crispinus
311 1900 458 1968 praecrat;
481 1900 512 1948 et
539 1887 685 1970 Epicydes
705 1889 886 1968 eruptionem
905 1891 935 1950 in
955 1891 1055 1960 statio-

144 1986 197 2029 nes
221 1965 355 2026 Marcelli
374 1965 461 2034 fecit;
488 1975 519 2025 et
532 1966 629 2025 classis
650 1967 759 2027 Punica
772 1968 869 2039 littori,
883 1967 961 2048 quod
981 1969 1056 2028 inter

145 2044 247 2103 urbem
274 2054 304 2102 et
331 2054 426 2102 castra
453 2041 586 2102 Romana
612 2057 681 2114 erat,
702 2045 822 2177 appulsa
848 2058 902 2114 cst,
922 2066 960 2106 nc
986 2046 1056 2125 quid

6 2103 10 2112 ’
60 2193 64 2204 ¹
143 2119 278 2198 praesidii
292 2119 424 2198 Crispino
444 2119 573 2179 submitti
593 2137 611 2176 a
629 2117 769 2180 Marcelo
789 2133 895 2199 posset.
935 2121 1056 2184 Tumul.

144 2208 207 2259 tum
227 2209 325 2258 tamen
348 2200 485 2274 majorem
511 2197 610 2254 hostes
633 2199 835 2275 praebuerunt,
857 2219 942 2278 quarn
962 2211 1054 2262 certa·

144 2296 220 2336 men.
239 2294 305 2336 nam
321 2288 351 2336 et
366 2274 513 2366 Crispinus
534 2274 742 2352 Hippocratem
756 2295 813 2334 non
826 2277 930 2356 repulit
943 2288 1057 2338 tantum

145 2354 338 2422 munimentis,
353 2352 404 2412 sed
424 2365 572 2412 insecutus
591 2351 678 2412 etiam
691 2365 735 2413 est
755 2365 799 2411 tre
820 2353 867 2414 ide
879 2355 1055 2432 fugientem:

147 2441 177 2492 ct
191 2429 351 2508 Epicydem
365 2429 521 2490 Marcellus
534 2431 564 2489 in
578 2430 679 2512 urbem
692 2374 840 2507 compulit.
853 2432 978 2566 satisque
996 2435 1057 2510 jum

146 2507 234 2574 etiam
254 2508 285 2566 in
307 2516 453 2586 posterum
469 2505 620 2568 videbatur
642 2506 794 2585 provisum,
815 2508 920 2586 nequi
955 2509 993 2566 ab
1013 2527 1057 2566 re-

145 2583 272 2666 pentinis
291 2602 391 2643 eorum
414 2585 630 2644 excursionibus
649 2584 767 2662 periculi
786 2585 869 2644 foret.
923 2584 1058 2652 Accessit

147 2675 178 2724 et
197 2661 369 2740 pestilentia,
383 2679 535 2719 commune
549 2661 665 2731 malurn,
680 2660 757 2738 quod
770 2660 854 2720 facile
872 2672 1057 2742 utrorumque

146 2739 258 2804 animos
266 2748 412 2798 averteret
431 2757 449 2798 a
461 2738 530 2796 belli
543 2737 676 2796 consiliis.
688 2756 755 2796 nam
770 2750 898 2816 ternpore
918 2737 1058 2814 autumni,

146 2830 177 2878 et
196 2816 267 2886 locis
287 2817 390 2876 naturai
409 2815 553 2893 gravibus,
572 2815 663 2873 multo
683 2826 779 2873 tamen
800 2818 890 2894 magis
910 2830 992 2878 extra
1011 2839 1059 2880 ur,

147 2897 224 2966 bem,
238 2913 324 2976 quam
348 2894 377 2950 in
397 2895 478 2962 urbe,
498 2892 732 2960 intoleranda‘via
750 2895 847 2954 aestirs
866 2915 917 2974 per
937 2908 1058 2976 utraque

148 2982 241 3032 castra
254 2972 382 3031 omnium
401 2971 491 3032 ferme
511 2989 632 3050 corpora
651 2971 747 3030 movit.
787 2971 827 3032 Et
839 2973 932 3051 primd
946 2984 1057 3052 ternpo-

148 3049 187 3111 ris
199 3068 236 3108 ac
248 3048 305 3108 loci
324 3051 392 3107 vitio
414 3062 450 3108 er
464 3049 542 3128 aegri
555 3059 646 3118 erant,
667 3061 697 3108 et
717 3049 930 3112 moriebantur:
956 3060 1059 3128 postea

57 3177 62 3189 .
148 3125 259 3184 curatio
282 3125 345 3204 ipsa
364 3136 394 3182 ct
419 3137 571 3184 contactus
592 3145 741 3204 aegrorum
764 3126 903 3204 ‘vulgabat
923 3127 1057 3192 morbos:

150 3213 183 3262 ut
203 3213 254 3260 aut
273 3201 398 3280 neglecti
419 3201 589 3279 desertique,
610 3203 658 3282 qui
677 3203 850 3272 incidissent,
871 3215 1058 3282 morerentur,

149 3290 202 3343 aut
214 3278 372 3340 assidentes
385 3290 517 3340 curantes
536 3300 582 3352 ue,
603 3281 704 3342 eidem
718 3282 745 3340 vi
758 3281 850 3340 morbi
865 3281 999 3360 repletos,
1013 3300 1058 3341 se·

151 3375 219 3420 curn
242 3355 406 3427 traherent;
436 3299 655 3438 quotidianaque
673 3359 774 3420 funera
788 3368 817 3416 ct
840 3375 916 3418 mors
936 3359 974 3417 ob
989 3377 1057 3421 ocur

150 3436 195 3506 los
208 3446 293 3514 esset,
307 3445 338 3496 et
350 3434 475 3518 undique
488 3435 549 3499 dies
568 3450 725 3518 noctesque
736 3437 864 3519 ploratus
883 3434 1059 3513 audirentur.
