2534 4010
203 229 243 286 40
558 219 593 278 Τ.
620 215 780 280 ΜῊΙῖ

243 377 368 438 XLVII.
389 376 457 434 Hoc
478 376 600 452 primum
624 394 690 434 eum
706 373 871 434 Hannibale
885 373 1026 450 proelium
1038 355 1112 434 snit:

185 493 187 498 ·
204 478 261 536 quo
273 455 358 514 facile
371 455 512 532 apparuit,
527 466 556 512 et
570 451 700 530 equitatu
723 452 867 512 meliorem
893 449 1023 510 Poenum
1038 473 1111 518 esse,
1130 467 1133 474 '

205 548 233 594 et
247 536 285 592 ob
296 533 326 590 id
339 552 456 610 campos
470 541 610 609 patentes,
635 531 733 608 quales
756 540 823 589 sunt
836 529 910 586 inter
931 529 1043 586 Padum
1059 529 1112 588 At·

204 631 320 691 pesque,
335 611 413 671 bello
427 609 553 686 gerendo
570 609 707 667 Romanis
728 619 810 684 aptos
824 626 881 665 non
896 625 966 666 esse.
990 643 992 649 -
1007 607 1112 684 ltaque

204 691 335 768 proxima
354 701 449 755 nocte,
470 687 557 765 'jussis
580 687 717 747 militibus
739 704 806 742 vasa
830 685 942 744 silentio
965 683 1111 759 colligere,

204 781 300 828 castra
312 768 349 826 ab
375 765 476 824 Ticino
498 777 586 833 mota,
610 765 833 838 festinatumque
855 763 892 820 ad
914 762 1024 822 Padum
1048 775 1113 844 est3

204 858 237 904 ut
257 845 375 912 ratibus,
401 843 505 920 quibus
525 847 659 919 junxerat
678 843 796 908 tirunen,
817 841 945 900 nondum
970 841 1111 910 resolutis,

205 924 265 982 sine
279 923 404 982 tumultu
417 932 504 999 atque
517 920 704 978 insectatione
717 918 816 986 hostis,
842 919 939 996 copias
961 919 1112 994 trajiceret.

206 1002 288 1062 Prius
303 1000 480 1062 Placentiam
501 1017 665 1076 pervenere,
690 1015 774 1074 quam
800 997 868 1056 tatis
891 997 977 1054 sciret
999 997 1111 1054 Hanni·

204 1079 252 1139 bal
267 1082 305 1138 ab
320 1079 420 1138 Ticino
444 1078 606 1154 protectos:
636 1087 732 1134 tamen
754 1074 791 1132 ad
814 1087 966 1137 sexcentos
988 1086 1113 1132 morato·

204 1177 268 1216 rum
292 1158 321 1214 in
345 1156 475 1215 citeriore
495 1154 565 1230 ripb,
590 1153 715 1228 segniter
737 1167 829 1212 ratem
851 1152 1004 1218 solventes,
1026 1153 1113 1228 cepit.
1214 1201 1215 1228 p

205 1235 324 1294 transire
338 1253 395 1290 non
410 1232 503 1309 potuit
527 1241 654 1308 pontem,
679 1242 711 1290 ut
725 1242 853 1290 extrema
876 1231 1006 1302 resoluta
1021 1243 1113 1298 etant,
1214 1239 1215 1254 ¹

205 1313 268 1370 tota
282 1321 343 1368 rate
356 1309 386 1366 in
400 1309 555 1368 secundam
573 1327 682 1385 ,aquam
705 1309 830 1366 labente.
872 1309 989 1369 Coelius
1012 1321 1114 1368 auctor

205 1399 258 1453 est,
270 1387 433 1463 Magonem
447 1407 513 1448 cum
536 1387 666 1464 equitatu
689 1395 720 1444 et
742 1385 880 1460 Hispanis
894 1387 1040 1460 peditibus
1060 1386 1114 1444 flu·

205 1481 272 1522 men
286 1466 431 1542 extemplo
451 1468 631 1530 transatisse3
651 1463 753 1540 :ipsum
777 1461 972 1526 Hannibalem
995 1482 1047 1538 per
1068 1481 1115 1524 su,-

205 1543 317 1622 periora
338 1543 410 1604 Padi
433 1542 686 1612 vadaexercitum
710 1539 879 1609 traduxisse,
900 1539 1060 1618 elephantis
1083 1543 1115 1602 in
1214 1545 1215 1556 ¹

206 1621 334 1679 ordinem
362 1623 400 1680 ad
419 1621 621 1684 ¹sustinendum
648 1621 788 1697 impetum
814 1619 939 1678 fluminis
967 1617 1114 1696 oppositis·

202 1699 250 1758 Ee
263 1699 361 1776 {seritis
375 1701 465 1758 amnis
479 1703 541 1774 ejus
554 1700 600 1756 vix
614 1699 699 1756 fidem
721 1697 849 1754 fecerint.
878 1715 946 1751 nam
970 1717 1116 1772 neque-e·
1214 1707 1215 1716 ¹

207 1779 308 1854 quites,
333 1780 417 1838 armis
441 1778 577 1848 equisque
600 1773 693 1836 salvis,
719 1783 828 1826 tantam
842 1770 898 1826 virn
922 1771 1047 1827 fluminis
1066 1791 1115 1830 su·
1214 1775 1215 1782 ’

206 1858 322 1932 perlisse
345 1851 494 1908 verisimile
517 1857 572 1913 est,
596 1856 628 1902 ut
649 1848 709 1920 jam
730 1845 876 1921 Hispanos
900 1865 1000 1906 omnes
1024 1848 1116 1912 inflati
1214 1831 1215 1876 3

198 1927 413 1986 ‚transvexerint
427 1935 522 1980 utres:
553 1933 583 1979 et
606 1923 761 1982 multorum
776 1924 886 1982 dierum
907 1925 1028 1985 circuitu
1043 1926 1116 1986 Padi

153 2069 155 2074 ¹
205 2003 279 2062 vada
292 2001 416 2076 petenda
429 2000 552 2064 fucrant,
568 2002 624 2078 qud
645 2004 788 2062 exercitus
812 2003 905 2081 gravis
928 2004 1116 2082 impedimeus

206 2083 244 2138 tia
256 2079 367 2138 traduci
381 2092 487 2156 posset.
529 2079 659 2138 Potiores
673 2083 750 2160 apud
764 2103 810 2140 me
824 2095 955 2142 auctores
970 2096 1045 2152 sunt,
1068 2083 1116 2160 qui

207 2156 295 2216 biduo
319 2156 367 2214 vix
387 2158 483 2218 locum
504 2169 566 2216 rate
585 2161 733 2234 jungendo
757 2161 866 2218 flumini
888 2161 1034 2218 inventum
1059 2170 1117 2216 tra·

207 2235 299 2301 dunt;
327 2237 362 2294 ed
375 2255 442 2294 cum
467 2236 596 2311 Magone
611 2238 722 2311 equites
746 2238 943 2311 Hispanorum
963 2237 1116 2312 expeditos

206 2313 387 2448 ppaemissos.
417 2313 486 2370 dum
512 2312 667 2381 Hannibal,
693 2315 769 2374 circa
792 2315 899 2372 flumen
923 2314 1119 2390 legationibus

238 2389 357 2446 allorum
380 2389 529 2448 audiendis
552 2403 687 2459 moratus,
713 2391 817 2469 trajicit
831 2390 953 2466 ·‘gravius
985 2393 1115 2470 peditum

190 2485 320 2544 agmen,
345 2468 457 2528 interim
482 2469 573 2544 Mago
594 2470 761 2547 equitesque
782 2471 819 2527 ab
846 2471 966 2528 transitu
990 2471 1117 2529 fluminis

208 2547 265 2606 diei
291 2547 374 2606 tinius
405 2547 506 2606 itinere
532 2547 709 2606 Placentiam
745 2548 784 2606 adv
805 2543 904 2609 hostes
928 2549 1131 2608 contendunt.¹

209 2625 357 2684 Hannibal
372 2627 471 2704 paucis
485 2637 550 2704 post
563 2624 666 2684 diebus
679 2647 732 2686 sex
745 2627 833 2684 millia
853 2647 872 2686 a
893 2627 1042 2686 Placentia
1055 2627 1117 2686 cas'·

207 2712 252 2756 tra
271 2706 467 2773 communivit,
488 2717 518 2764 et
541 2718 656 2782 postero
680 2705 735 2773 die,
757 2707 786 2762 in
810 2718 968 2780 conspectu
991 2705 1117 2762 hostium

206 2775 270 2832 acie
284 2776 402 2846 directd,
417 2793 591 2854 potestatem
604 2801 719 2854 pugnae
732 2783 809 2837 fecit.
1104 2817 1106 2822 ·

248 2851 388 2910 XLVllI.
411 2857 605 2916 lusnuunurr
620 2868 706 2911 nocte
720 2855 828 2912 caedes
849 2855 992 2912 incastris
1008 2855 1117 2916 Roma·

207 2929 259 2995 nis,
289 2931 411 2988 tumultu
439 2945 649 3009 tamenvquam
676 2951 706 2988 re
733 2933 833 3007 major,
868 2933 906 2989 ab
932 2933 1117 2997 auxiliaribus

199 3007 301 3064 .,Gallis
314 3008 390 3067 facta
404 3020 457 3068 est.
478 3009 515 3066 ad
529 3008 587 3068 duo
609 3009 696 3074 millia
710 3009 838 3086 peditum
860 3021 889 3068 et
905 3010 1022 3070 ducenti
1037 3016 1117 3091 equi·

208 3099 261 3155 tes,
278 3086 408 3162 vigilibus
421 3089 459 3146 ad
472 3098 570 3164 portas
584 3088 741 3158 trucidatis,
755 3088 793 3148 ad
817 3087 1011 3148 Hannibalem
1026 3104 1118 3152 trans-

208 3163 341 3241 fugiunt:
362 3186 433 3242 quus
448 3167 572 3234 Poenus,
586 3167 710 3242 benigne
724 3168 875 3235 allocutus,
901 3179 931 3226 et
951 3187 1002 3246 spe
1017 3170 1116 3248 ingen,

209 3244 281 3302 tium
296 3243 437 3303 donorum
452 3264 597 3315 accensos,
612 3246 640 3304 in
664 3245 793 3306 civitates
817 3263 960 3324 quemque
984 3250 1116 3320 suassad

190 3323 403 3386 'sollicitandos
425 3324 603 3402 popularium
627 3325 737 3384 animos
757 3325 873 3383 dimisit.
925 3325 1030 3402 Scipio,
1051 3344 1116 3384 cae·

209 3402 355 3464 dameam
369 3397 481 3479 signum
495 3402 803 3462 defectionis-omnium
826 3403 979 3464 Gallorum
989 3421 1052 3462 esse
1071 3421 1116 3468 ra·

211 3486 267 3548 tus,
294 3489 499 3562 contactosque
528 3502 562 3542 eo
586 3481 703 3553 scelere,
727 3483 805 3544 velut
829 3482 936 3562 injecta
961 3480 1047 3551 rabie,
1078 3482 1118 3546 ud
