2386 3930
461 276 618 336 stoan
649 274 745 336 xxv.
988 256 1057 337 'aar

148 433 226 507 inde,
244 447 380 514 quantum
404 446 518 512 posset:
548 446 579 494 et
597 434 664 493 inde
684 433 743 492 una
762 439 857 499 nocte,
871 429 976 506 ignaris
988 427 1054 488 hos·

148 515 236 582 tibus,
263 526 292 574 et
313 516 354 573 ob
374 513 404 570 id
426 512 537 590 quietis,
558 511 733 589 aliquantum
761 527 895 569 emensus
921 516 965 566 est
991 507 1055 566 iter.

147 590 237 662 Luce,
265 603 299 650 ut
327 600 475 650 senserunt
498 589 650 668 proiectos,
674 589 780 658 hostes,
805 585 965 675 praemissis
993 583 1054 642 Nu·

146 670 340 746 midis,quam
359 678 491 747 poterant
511 666 634 726 maxime
647 667 735 724 citato
759 665 872 743 agmine
886 682 966 741 sequr
988 679 1053 721 coe-

146 757 270 824 perunt:
298 758 365 804 ante
386 757 501 804 noctem
515 744 638 804 assecuti
653 743 805 813 Numidae,
818 761 895 801 nunc
908 742 946 799 ob
962 753 1053 817 tergo,

145 841 224 882 nunc
247 824 277 882 in
297 824 395 892 latera,
419 824 606 881 incursantes.
646 820 809 881 Consistere
832 829 997 897 coeperunt,
1018 836 1054 876 ac

145 901 233 960 tutari
249 920 364 980 agmen,
385 913 522 978 quantum
546 910 681 977 possent;
711 909 817 969 tamen,
831 908 894 954 tuto
915 910 946 955 ut
970 894 1054 955 simul

145 990 307 1056 pugnarent
336 978 588 1057 procederentque,
624 977 720 1053 Scipio
752 974 928 1046 hortabatur,
962 974 1053 1051 prius·

145 1073 230 1134 quam
282 1057 392 1116 destrae
405 1056 504 1132 copiae
517 1065 744 1134 assequerentur.

185 1134 241 1192 XX
273 1135 325 1194 Vl.
369 1135 537 1202 Caranum,
558 1153 636 1194 nunc
655 1131 767 1211 egendo
788 1149 865 1190 nunc
889 1129 1055 1188 sustinendo

144 1230 258 1288 agmen,
272 1231 360 1291 quum
374 1211 537 1290 aliquandiu
558 1211 636 1271 haud
656 1211 778 1270 multum
799 1209 1011 1289 procederetur,
1026 1221 1056 1266 et

145 1308 205 1347 nux
222 1294 282 1367 jam
304 1291 431 1360 instaret,
445 1300 591 1349 revocate
613 1291 720 1369 proelio
734 1307 801 1348 suos
817 1287 932 1365 Scipio:
953 1298 983 1344 et
997 1287 1057 1345 col-

144 1366 237 1426 lectos
260 1368 289 1426 in
309 1369 449 1428 tumulum
473 1368 625 1446 quendam,
640 1388 697 1427 non
721 1367 836 1446 quidem
859 1366 928 1424 satis
951 1375 1056 1434 tutum,

143 1448 311 1522 praesertim
340 1447 446 1523 agmini
479 1447 620 1520 perculso,
651 1446 800 1504 editiorem
830 1457 937 1511 tamen,
969 1463 1057 1521 quam

143 1535 240 1582 cetera
261 1526 339 1582 circa
362 1534 451 1584 erant,
476 1521 620 1578 subducit.
659 1521 705 1577 lbi
728 1521 829 1596 primo,
844 1520 1057 1596 impedimentis

144 1613 174 1658 et
187 1603 316 1676 equitatu
330 1600 359 1654 in
377 1596 503 1655 medium
517 1596 648 1675 receptis,
663 1595 831 1656 circumdati
853 1597 964 1673 pedites
978 1597 1057 1656 haud

142 1675 295 1736 difficulter
316 1676 439 1752 impetus
460 1674 664 1733 incursantium
687 1673 877 1732 Numidarum
897 1676 1055 1734 arcebant:

142 1754 221 1824 dein,
245 1765 396 1833 postquam
418 1765 480 1812 toto
502 1751 615 1830 agmine
636 1763 694 1812 tres
715 1753 900 1830 imperatores
920 1771 986 1810 cum
1007 1754 1055 1810 tri-

143 1834 199 1892 bus
216 1834 300 1910 Justis
314 1832 487 1892 exercitibus
499 1832 636 1902 aderant,
650 1833 873 1910 apparebatque,
894 1848 994 1908 parum
1012 1849 1056 1888 ar-

145 1911 199 1966 mis
212 1911 251 1970 ad
274 1911 412 1970 tuendum
425 1911 521 1969 locum
541 1909 602 1969 sine
624 1911 801 1969 munimento
825 1909 960 1969 valituros
974 1929 1054 1978 esse;

144 1987 384 2064 circumspectare
404 1999 490 2066 atque
507 1988 616 2062 agitare
640 1991 699 2046 dux
723 1989 827 2066 coepit,
843 1989 866 2047 si
888 2008 945 2068 quo
969 1989 1055 2046 modo

144 2077 242 2143 posset
255 2066 359 2124 vallum
378 2063 612 2144 circuminjicere.
653 2067 712 2125 Sed
732 2079 794 2126 erat
806 2067 880 2126 adeo
902 2066 996 2124 nudus
1010 2078 1056 2124 tu·

145 2143 240 2201 mulus
257 2154 289 2203 et
303 2145 394 2222 asperi
408 2145 469 2212 soli,
484 2155 516 2202 ut
529 2162 584 2202 nec
597 2144 719 2220 virgulta
739 2146 813 2202 vallo
828 2145 985 2213 caedendo,
1000 2165 1056 2204 nec

144 2233 220 2280 terra
244 2224 343 2300 cespiti
365 2222 508 2290 faciendo,
532 2231 583 2280 aut
604 2221 754 2281 ducendae
775 2221 877 2292 fossae,
900 2223 983 2282 aliive
1007 2224 1057 2282 ulli

142 2301 223 2376 operi
243 2313 311 2378 apta
330 2300 447 2360 inveniri
468 2312 583 2378 possem
612 2319 667 2360 nec
687 2303 790 2360 natura
812 2301 963 2379 quicquam
987 2301 1056 2360 saris

142 2378 264 2436 arduum
288 2391 338 2437 aut
360 2379 504 2438 abscisum
528 2389 598 2449 erat,
623 2377 700 2455 qnod
724 2380 798 2438 hosti
821 2379 933 2438 aditum
956 2398 1056 2438 ascen·

144 2473 244 2513 eumve
257 2455 398 2514 difficilem
418 2459 578 2534 praeberet.
599 2455 695 2515 omnia
715 2457 829 2534 fastigio
842 2456 899 2515 leni
918 2459 1056 2516 subnexa.
1105 2454 1106 2460 '
1128 2461 1132 2474 '

145 2533 188 2592 Ut
207 2544 303 2592 tamen
328 2535 451 2611 aliquam
474 2535 626 2611 imaginem
646 2535 711 2592 valli
734 2537 902 2612 objicerent,
924 2534 1054 2604 clitellas,

143 2610 265 2686 illigatas
280 2612 423 2680 oneribus,
437 2613 516 2670 velut
529 2623 671 2672 struentes
685 2613 723 2670 ad
736 2613 916 2671 altitudinem
931 2611 1054 2684 solitam,

143 2687 382 2757 ‹a'rcumdabant;
412 2689 528 2747 cumulo
554 2691 727 2748 sarcinarum
752 2690 844 2748 omnis
866 2689 979 2766 generis
1003 2694 1054 2753 ob·

140 2767 229 2843 jecto,
254 2767 303 2825 ubi
326 2768 364 2825 ad
388 2767 564 2826 moliendum
591 2766 714 2826 clitellae
740 2769 899 2828 defuerant.
953 2769 1055 2831 Punici

140 2845 294 2914 exercitus,
308 2857 460 2924 postquam
484 2845 634 2914 advenere,
651 2845 679 2904 in
698 2847 840 2904 tumulum
861 2847 974 2927 quidem
989 2870 1054 2940 per·

142 2921 227 2982 facile
241 2942 344 3001 agmen
359 2943 485 2993 erexere,
507 2923 671 2982 munitionis
686 2945 751 2984 vero
765 2926 853 2986 iacies
866 2946 940 2986 nova
959 2931 1052 3006 pnmd

142 3020 191 3058 eos
205 3002 283 3059 velut
305 3003 440 3062 miraculo
455 3002 579 3080 quodam
601 3003 701 3074 tenuit,
716 3024 803 3082 quum
822 3006 911 3065 duces
926 3006 1052 3084 undique

142 3078 384 3136 vociferarentur:
414 3081 491 3144 Quid
519 3083 688 3148 starent,'et
711 3103 768 3140 non
791 3084 946 3142 ludibrium
970 3082 1050 3156 illud,

142 3153 191 3210 vix
212 3155 323 3212 feminis
347 3156 477 3232 puerisve
501 3157 644 3215 morandis
663 3161 733 3220 satis
753 3162 887 3230 validum,
908 3160 1051 3223 distrahe·

141 3243 206 3290 rent
232 3233 467 3311 diriperentque?
501 3245 617 3312 captum
644 3235 756 3298 hostem
783 3238 884 3307 teneri,
910 3237 1050 3302 latentem

140 3321 207 3386 post
230 3311 362 3368 sarcinas.
387 3313 495 3373 ⁴-Haec
522 3316 708 3392 contemptim
736 3319 825 3376 duces
852 3316 1050 3395 increpabant.

140 3396 277 3455 ceterum,
302 3408 394 3466 neque
418 3389 557 3449 transilire
580 3411 673 3470 neque
696 3395 787 3452 moliri
812 3413 899 3454 onera
925 3396 1049 3472 objecta,

139 3469 194 3524 nec
203 3464 323 3525 caedere
337 3468 456 3545 stipatas
466 3468 594 3540 clitellas,
603 3471 728 3548 ipsisque
742 3474 859 3531 obrutas
873 3472 998 3546 sarcinis,
1007 3478 1049 3537 la-

138 3542 194 3614 ‚cile
206 3555 277 3604 erat.
318 3543 449 3610 Tardatis
470 3547 632 3630 diu,'quum
645 3551 762 3612 amolita
775 3548 892 3632 objecta
904 3571 991 3616 onera
1004 3577 1047 3617 ar·
