2406 3932
202 232 207 244 ·
314 279 316 285 p
434 209 591 274 LIBER
620 211 732 274 xxtv.
969 223 1027 286 179

126 365 1030 523 tharmithttttttttthtlhltttt¹²5:

126 542 167 584 sc·
205 521 240 584 Id
254 523 320 601 quia
333 535 393 584 tam
406 524 509 600 trepidi
521 521 705 593 nunciabant,
727 525 927 584 maturandum
947 528 1030 587 Han·

125 599 203 658 nibal
225 614 314 670 retus,
335 619 372 662 ne
390 600 589 680 praevenirent
610 602 742 673 Romani,
766 599 910 679 profectus
932 606 1028 682 Arpis,

125 677 162 736 ad
183 677 279 738 Tifata
298 678 328 736 ln
351 679 494 744 veteribus
517 677 617 746 castris
640 699 726 757 super
744 680 874 758 Capuam
893 683 1032 744 consedit.

123 754 345 826 inde,Numidis
359 755 553 833 HIspanisque
574 755 611 814 ad
631 757 802 834 praesidium
822 759 906 818 simrd
925 773 1033 822 castro·
1060 794 1063 804 =
1092 791 1097 802 ,

124 851 188 892 rum
208 832 292 892 simul
311 833 428 912 Capuae
447 833 561 903 relictis,
583 851 650 892 cum
669 845 766 894 cetero
786 837 913 898 exercitu
933 839 971 898 ad
990 843 1031 898 la·

125 929 192 968 cum
210 910 315 970 Averni
328 929 379 988 per
392 912 517 988 speciem
530 911 717 982 sacrificandi,
741 932 773 972 re
795 913 866 992 ipsi,
886 925 919 974 ut
938 912 1036 978 tenta?

124 999 170 1047 ret
202 986 348 1059 Puteolos,
381 989 514 1067 quodque
546 990 587 1049 ibi
621 990 752 1068 praesidii
779 1001 849 1062 erat,
876 991 1034 1054 descendit.

125 1063 281 1134 Maximus,
305 1078 457 1144 postquam
480 1067 674 1128 Hannibalem
702 1068 790 1146 Arpis
810 1068 982 1146 profectum,
1002 1082 1033 1130 et

124 1141 237 1220 regredi
249 1143 278 1202 in
293 1145 490 1223 Campaniam,
500 1145 618 1204 allatum
633 1156 695 1214 est3
709 1165 763 1206 nee
776 1147 886 1206 dienen
896 1148 1034 1208 noctein·

123 1219 255 1280 termisso
274 1221 384 1294 iuuere,
405 1223 442 1281 ad
463 1223 620 1284 exercitum
639 1223 731 1284 radit:
752 1236 782 1286 et
800 1224 845 1286 Ti.
867 1225 1034 1288 Gracchum

125 1298 163 1356 ab
183 1297 307 1358 Luceria
329 1301 526 1360 &reventum
549 1301 648 1379 copias
670 1302 832 1373 admovere,
854 1304 890 1369 Q.
911 1303 1033 1366 Fabium

124 1387 286 1453 praetorem
312 1377 347 1454 (is
372 1378 446 1438 filius
472 1380 598 1440 consulis
623 1383 696 1456 erat)
719 1381 872 1442 Luceriam
896 1382 1033 1446 Graccho

125 1454 289 1522 succedere,
307 1456 399 1532 jubet.
439 1457 474 1514 ln
486 1457 611 1514 Siciliam
625 1458 728 1516 eodem
742 1469 872 1534 tempore
884 1461 942 1520 duo
951 1479 1032 1536 prse-

9 1537 10 1584 4
125 1542 202 1592 tores
222 1529 353 1608 profecti,
380 1533 414 1588 P.
442 1533 592 1592 Cornelius
615 1533 653 1588 ad
677 1535 853 1602 exercitum
881 1536 1033 1609 Otacilius,

122 1609 174 1688 qui
195 1609 356 1666 maritimae
376 1625 444 1666 orae
467 1608 563 1684 reique
584 1607 677 1666 navah
698 1620 864 1684 praeesset:
892 1624 921 1671 et
945 1615 1034 1674 ceteri

125 1687 155 1744 in
170 1704 236 1744 suas
249 1685 369 1762 quisque
388 1683 548 1761 provincias
568 1683 698 1763 profecti.
717 1696 756 1755 et,
777 1687 882 1762 quihus
899 1708 950 1766 pro

125 1775 188 1824 tum
210 1763 360 1842 imperium
384 1762 602 1834 maerstem,
629 1780 700 1841 quas
722 1763 815 1842 priore
834 1781 920 1836 anno,
940 1785 1036 1845 regio.
1099 1836 1101 1842 y

124 1861 176 1916 nes
190 1841 384 1903 obtinuerunt.

165 1918 251 1976 x111.
291 1921 342 1977 An
357 1919 560 1990 Hannibalem,
581 1939 670 1998 quum
687 1920 725 1980 ad
747 1919 843 1983 lacum
862 1922 970 1983 Averni
990 1943 1035 1986 cs·

125 2007 179 2066 set,
194 1996 318 2073 quinque
331 1995 442 2058 nobiles
463 1999 579 2056 'uvenes
598 2000 636 2056 ab
657 1999 783 2060 Tarento
804 2011 951 2070 venerunt,
973 2021 1036 2080 par·

10 2127 11 2130 ,
126 2075 179 2132 tim
193 2073 230 2132 ad
245 2073 443 2132 Trasimenum
467 2089 550 2134 acum
564 2075 668 2152 partim
687 2076 726 2134 ad
750 2077 864 2138 Cannas
884 2079 970 2158 capti,
991 2080 1035 2138 di·

127 2149 262 2228 missique
275 2151 376 2212 domos
390 2171 457 2210 cum
477 2152 579 2212 eadem
600 2152 747 2223 comitate,
787 2156 827 2213 uri
846 2174 913 2216 usus
933 2157 1035 2220 edrar-

126 2250 176 2290 sus
195 2248 295 2288 omnes
315 2229 512 2290 Romanorum
532 2249 558 2310 s]
577 2231 625 2307 qu
644 2234 687 2289 Po
745 2174 881 2328 elucrat-
919 2233 953 2304 ti,
973 2253 1034 2296 me·
1099 2263 1106 2270 ·

10 2343 11 2350 1
125 2327 222 2369 mores
232 2307 437 2368 beneficiorum
455 2250 722 2447 eiuaffflrpulis's'd'
763 2329 764 2332 ¹
803 2324 851 2370 sm
870 2322 983 2389 partem
1002 2332 1035 2376 se

124 2385 282 2464 juventutis
309 2385 481 2447 Tarentinae
503 2398 641 2458 reerunt,
663 2399 697 2448 ut
718 2387 891 2448 Hannibalis
913 2390 1035 2450 amiciti·

126 2483 175 2524 am
196 2481 231 2524 ac
254 2463 430 2534 societatem,
451 2483 537 2542 quam
557 2466 656 2544 populi
676 2466 810 2536 Romam,
831 2467 967 2534 mallent;
993 2470 1034 2526 lc-

125 2554 266 2620 gatosque
279 2542 317 2600 ab
331 2540 390 2600 suis
402 2542 504 2602 nrissos
522 2561 624 2620 rogare
647 2543 851 2614 Hannibalem,
873 2555 905 2602 ut
926 2544 1035 2604 exerci-

10 2641 11 2644 ’
127 2632 192 2680 tum
203 2619 320 2697 propius
334 2617 489 2688 Tarentum
503 2620 664 2680 admoveat.
705 2620 735 2680 Si
749 2623 831 2698 signa
850 2624 921 2700 ejus,
934 2620 959 2680 si
972 2641 1035 2684 cas.

126 2709 181 2768 tra,
196 2707 351 2774 conspecta
362 2714 381 2755 a
394 2695 521 2756 Tarento
534 2697 600 2766 sint,
614 2697 694 2756 haud
706 2697 794 2756 ullam
814 2701 1034 2762 Intercessuram

63 2835 68 2842 ,
126 2793 247 2845 moram,
261 2773 329 2852 quin
342 2775 411 2834 urbs
424 2775 555 2834 dedatur.
593 2775 628 2834 In
649 2785 793 2853 potestate
810 2777 954 2854 juniorum
974 2779 1036 2857 ple·

126 2855 204 2926 bem,
217 2855 248 2912 in
261 2870 349 2912 manu
362 2853 454 2931 plebis
473 2871 534 2912 rem
559 2852 753 2924 Tarentinam,
773 2873 846 2915 esse.
886 2856 1037 2920 Hannibal

127 2931 306 2992 collaudatos
329 2950 389 3004 eos,
411 2942 601 3013 oneratosque
622 2932 787 3010 ingentibus
806 2933 961 3012 promissis,
982 2936 1036 2996 dc-

128 3029 207 3068 mum
221 3009 259 3070 ad
272 3021 375 3087 coepta
387 3011 559 3072 maturanda
568 3011 662 3072 redire
678 3012 779 3088 jubet:
800 3030 831 3072 se
850 3011 880 3070 in
903 3023 1034 3089 tempore

64 3109 69 3116 ·
127 3085 283 3146 affuturum
302 3105 375 3148 asse.
414 3087 484 3146 Hac
501 3107 568 3146 cum
592 3109 606 3147 s
627 3109 643 3147 e
664 3087 773 3150 dindari
790 3089 946 3148 Tarentini.
986 3087 1035 3180 Ip-

127 3109 1034 3323 raar”cananaeam,rm

329 3283 338 3312 r
839 3287 848 3315 s
1023 3276 1035 3292 ⁸
1104 3313 1107 3320 ,

128 3320 237 3391 simam,
252 3329 282 3380 et
294 3318 323 3377 in
337 3319 541 3386 Macedoniam
557 3333 719 3400 opportune
732 3341 860 3384 versam:
880 3336 1036 3398 regemque

129 3397 294 3488 Philippum
313 3393 392 3466 hunc
414 3399 578 3477 pontumal
601 3400 733 3460 transiret
752 3400 782 3458 in
802 3398 924 3466 Italitsm,
945 3417 1034 3476 quum

127 3475 310 3566 brundisium
338 3475 462 3540 Romani
484 3477 634 3552 haherent,
653 3478 820 3558 petiturum.
859 3475 947 3566 Sacro
966 3476 1039 3566 inde·
