2534 4010
172 209 211 266 42
501 205 730 267 'rtL1v1'1

173 382 234 424 mes
249 356 375 421 Siciliam
390 373 487 440 perere
501 364 538 422 ad
552 365 747 424 sollicitandos
771 375 882 424 veteres
901 366 1015 436 socios;
1036 368 1083 428 Li·

173 441 268 518 lybsei
289 441 448 518 occupandi
470 444 651 519 praeeipuam
674 463 771 502 curam
796 461 876 501 esse:
897 445 1017 502 credere
1036 450 1086 507 ea·

174 523 240 582 rlern
269 531 449 596 tempestate,
472 523 529 598 qua
552 522 605 597 ipsi
627 522 739 598 disJ'ecti
761 521 862 588 forent,
884 539 947 580 earn
968 541 1086 600 quoque

175 599 294 655 classem
309 597 345 655 ad
362 600 488 674 Aegates
502 599 610 656 insulas
630 600 782 676 deJectum.
822 600 915 666 Haec,
938 600 1011 658 sicut
1031 619 1085 658 au·

174 675 234 732 dita
254 688 343 744 erant,
365 693 416 732 rex
438 676 481 733 M.
503 677 628 735 Aemilio
649 679 780 754 praetori,
802 681 884 754 cujus
907 678 1001 736 Sicilia
1021 691 1084 737 erat

175 754 328 830 provincia,
352 754 510 829 perscribit,
533 769 687 832 monetque
708 755 880 832 Lilybaeum
900 757 981 813 firmo
1002 767 1090 828 tene-p

164 843 219 890 *ret
239 832 387 908 praesidio.
428 832 582 910 Extemplo
603 846 633 890 et
651 833 727 890 circa
747 845 910 909 apraetore
928 835 967 892 ad
987 835 1084 893 civita·

173 923 218 968 tes
232 911 308 970 missi
323 910 408 986 legati
424 911 595 988 tribunique,
610 911 657 988 qui
672 929 739 967 suos
760 914 798 969 ad
818 931 916 970 curam
938 913 1085 972 custodiae

173 989 374 1056 intenderent;
393 1000 462 1046 ante
474 991 569 1046 omnia
583 989 756 1064 Lilybaeum
776 991 886 1048 teneri:
906 991 942 1046 ad
967 1009 1086 1066 appara·

175 1077 236 1124 turn
252 1068 327 1136 belli,
342 1067 437 1124 edicto
451 1067 605 1144 proposito,
621 1079 653 1124 ut
674 1067 744 1125 socii
766 1068 880 1126 navales
900 1067 1000 1124 decern
1022 1067 1082 1124 die·

173 1165 235 1203 ram
250 1157 334 1204 cocta
348 1144 454 1201 cibaria
467 1144 775 1212 adrravesdeferren13
796 1147 843 1203 ubi
859 1147 969 1220 signum
983 1145 1084 1202 datum

175 1231 258 1290 esset,
287 1242 322 1279 ne
350 1221 412 1298 quis
438 1241 547 1280 moram
572 1224 785 1282 conscendendi
812 1223 941 1282 faceret:
976 1230 1083 1308 perque

174 1319 289 1357 omnem
322 1319 410 1362 oram,
445 1302 492 1377 qui
527 1319 564 1358 ex
596 1301 719 1377 speculis
751 1301 947 1377 prospicerent
980 1301 1104 1360 adrem.

175 1391 285 1436 tantem
306 1378 429 1434 bostiam
450 1373 598 1436 classem'
622 1378 712 1436 Simul
733 1378 830 1454 iraque
849 1382 1025 1456 (quanquam
1047 1381 1084 1438 de

174 1455 313 1514 industria
326 1457 428 1514 morati
442 1475 557 1514 cursum
577 1457 692 1513 navium
712 1468 794 1514 erant
817 1455 1082 1532 Karthaginienses,

154 1561 157 1564 ·
175 1546 209 1592 ut
231 1547 299 1592 ante
321 1535 415 1593 lucem
439 1536 611 1592 accederent
635 1535 817 1612 Lilybaeum)
837 1553 1021 1611 praesensum
1041 1548 1084 1592 ta·

175 1631 241 1670 men
256 1625 308 1682 est,
324 1614 390 1691 quia
404 1625 433 1671 et
446 1615 515 1671 luna
529 1633 637 1691 pernox
651 1626 722 1679 erat,
742 1625 772 1671 et
792 1613 912 1671 sulrlatis
925 1631 1085 1674 armamen-

174 1692 211 1750 tis
234 1693 406 1759 veniebant;
433 1693 578 1769 externplo
602 1692 700 1748 datum
726 1709 742 1747 e
763 1691 888 1767 speculis
912 1691 1034 1766 signum,
1055 1703 1085 1749 et

173 1771 203 1828 in
224 1771 328 1848 oppido
349 1772 385 1828 ad
406 1789 485 1828 arma
505 1770 714 1828 conclamatum
736 1782 790 1834 est,
812 1780 841 1825 et
861 1767 889 1823 in
909 1787 994 1825 naves
1015 1787 1084 1826 con·

174 1868 325 1907 scensum:
346 1866 410 1924 pars
430 1848 551 1904 militum
572 1847 600 1903 in
621 1846 709 1903 muris
730 1858 933 1923 portarumque
956 1846 1084 1904 stationi·

174 1928 239 1994 bus,
261 1944 325 2002 pars
349 1926 377 1980 in
402 1926 522 1983 navibus
544 1936 634 1984 erant.
676 1924 714 1983 Et
733 1925 998 2001 Karthaginienses,
1017 1925 1085 2002 quia

175 2022 235 2061 rem
249 2005 309 2060 fore
323 2003 399 2060 haud
414 2023 479 2061 cum
492 2003 637 2080 imparatis
652 2005 819 2072 cernebant,
833 2023 924 2082 usque
939 2004 975 2064 ad
989 2005 1084 2063 lucem

174 2095 259 2160 portu
273 2081 525 2152 seabstinuerunt,
538 2083 686 2140 demendis
701 2083 883 2140 armamentis
896 2102 931 2140 eo
946 2094 1083 2157 tempore,

176 2159 357 2238 aptandaque
371 2161 407 2218 ad
427 2181 552 2238 pugnam
573 2161 673 2228 classe,
695 2163 858 2236 absumpto.
901 2159 959 2218 Ubi
980 2158 1082 2224 illuxit,

174 2257 309 2314 recepere
331 2241 451 2296 classem
475 2241 504 2296 in
526 2240 626 2308 altum,
643 2242 686 2297 'ut
710 2241 832 2315 spatium
860 2255 975 2312 pugnae
997 2246 1082 2303 esset,

176 2317 341 2394 exiturisque
366 2317 488 2374 liberum
515 2337 532 2374 e
559 2330 642 2393 portu
671 2335 758 2374 naves
785 2316 910 2373 bostium
934 2314 1084 2372 haberent.

176 2395 241 2454 Nec
257 2395 379 2454 Romani
393 2394 587 2454 detrectavere
601 2414 738 2473 pugnam,
753 2405 782 2452 et
796 2393 933 2451 memoriis
953 2393 1029 2451 circa
1049 2411 1083 2450 ea

173 2477 236 2554 ipsa
256 2475 320 2534 loca
339 2485 483 2551 gestarum
503 2493 598 2531 rerum
617 2474 691 2544 freti,
712 2486 742 2532 et
763 2472 885 2529 militum
902 2470 1085 2529 multitudine

174 2573 209 2611 ac
222 2557 335 2614 virtute.
1028 2601 1034 2608 .

215 2631 250 2686 L·
291 2633 403 2693 Uaria
427 2632 517 2691 altum
542 2631 633 2690 evecti
660 2641 737 2699 sunt,
766 2630 916 2688 Romanus
936 2646 1085 2688 conserere

175 2707 310 2785 pugnam,
330 2723 359 2768 et
379 2731 416 2768 ex
435 2711 594 2790 propinquo
615 2710 689 2768 vires
706 2708 842 2774 conferre,
863 2707 953 2763 velle:
975 2717 1083 2772 contra,

175 2785 290 2842 eludere
305 2787 428 2857 Poenus,
443 2801 473 2846 et
486 2802 547 2847 arte
567 2807 624 2843 non
646 2787 672 2841 vi
696 2803 755 2840 rem
770 2801 879 2856 gerere,
901 2782 1081 2856 naviumque,

86 2861 96 2880 ‘
177 2879 262 2940 quam
292 2864 414 2922 virorum
441 2879 492 2924 aut
525 2881 676 2932 armorum,
701 2859 786 2916 malle
809 2874 954 2915 certamen
979 2858 1083 2916 facere.

176 2959 252 3008 narn,
268 2951 299 2997 ut.
313 2943 396 2999 sociis
410 2945 558 3004 navalibus
571 2941 677 3002 affatim
699 2939 868 2995 instructam
890 2935 1021 3004 classem,
1042 2937 1084 2994 ita

175 3021 291 3095 inopem
305 3019 395 3078 milite
408 3021 574 3081 habebant:
595 3033 634 3090 ct,
649 3017 740 3078 sicubi
755 3025 887 3074 conserta
904 3014 983 3072 navis
998 3026 1083 3086 esset,
1116 3069 1121 3076 ,

175 3096 378 3174 haudquaqnm
399 3117 450 3176 par
469 3120 604 3159 numerus
623 3110 797 3158 armatorum
816 3113 853 3153 ex
873 3111 908 3152 ea
926 3095 1086 3170 pugnabat.

177 3175 262 3243 Quod
277 3177 326 3231 ubi
340 3174 567 3235 animadversum
581 3192 637 3248 est,
650 3189 679 3238 et
701 3173 839 3234 Romanis
856 3171 1012 3230 multitudo
1030 3192 1086 3232 sua

177 3255 257 3316 auxit
271 3253 405 3322 animum,
427 3265 457 3311 et
476 3257 605 3332 paucitas
625 3258 679 3314 illis
699 3253 809 3312 minuit.
850 3250 1008 3327 Extemplo
1021 3270 1085 3328 sep-
1170 3321 1176 3328 ,

175 3345 237 3391 tem
250 3351 337 3392 naves
352 3331 477 3390 Punicae
499 3331 845 3406 circumventaeslugam
865 3339 979 3388 ceterae
1000 3347 1084 3404 cepe·

177 3424 255 3468 rant.
295 3411 378 3470 Mille
395 3421 425 3469 et
443 3406 615 3484 septingenti
634 3408 713 3466 suere
736 3409 766 3468 in
784 3406 904 3466 navibus
925 3406 1009 3484 capti,
1024 3404 1083 3462 ⁴mi·

176 3485 242 3544 lites
261 3503 440 3570 nautaeque3
458 3487 488 3546 in
511 3483 556 3542 his
579 3491 637 3541 tres
660 3486 770 3549 nobiles
791 3481 1087 3561 Karthaginiensium.
