2406 3932
441 221 599 286 LIBER
627 223 742 285 XXIII.
982 233 1036 294 127

135 380 229 449 disse;
248 397 287 444 ex,
297 381 411 442 duobus
425 382 551 442 saucium
565 383 695 451 alterurn,
720 381 853 447 alterum,
875 388 937 438 toto
957 397 1037 440 exer-

134 460 194 518 citu
213 459 325 530 amisso,
350 461 398 518 vix
417 477 483 518 curn
503 460 707 536 quinquaginta
719 457 884 516 hominibus
897 457 1038 535 effugisse.

133 538 298 614 magistrum
313 539 451 615 equitum,
474 554 547 613 quae
560 537 716 594 consularis
729 545 856 612 potestas
876 536 921 606 sit,
942 537 1036 596 fusum

132 615 338 692 fugatumque:
364 615 543 680 dictatorem,
568 615 634 689 quia
660 631 691 672 se
718 613 747 670 in
774 613 864 673 aciem
892 633 1038 692 nunquam

133 693 315 760 commiserit,
335 693 451 752 unicum
474 689 574 752 haberi
596 690 806 766 imperatorem.
844 692 972 752 Bruttios
999 697 1037 752 A·

131 771 281 848 pulosque,
305 770 409 847 partim
434 768 604 828 Samnitium
628 785 662 828 ae
684 768 875 840 Lucanorum,
899 771 1038 831 defecisse

130 847 167 904 sd
184 848 307 906 Poenos.
347 849 485 924 Capuam,
497 846 583 924 quod
605 857 691 923 caput
711 865 768 906 non
790 847 964 924 Compsniae
978 869 1038 908 mo-

132 925 181 994 do,
196 925 257 996 sed,
271 936 336 1003 post
349 925 482 986 afflictam
505 944 566 985 rem
591 925 752 982 Romanam
775 925 917 984 Cannensi
932 931 1038 1003 pugne,
1087 977 1089 984 .

132 1001 235 1064 ltaliae
248 1005 294 1072 sit,
317 1003 474 1064 Hannibali
489 1021 520 1062 sa
533 1001 692 1062 tradidisse.
734 1001 790 1058 Pro
813 1000 857 1058 his
877 1004 964 1062 tantis
983 1015 1038 1062 tot·
1091 1001 1097 1010 “

130 1099 188 1216 lque
202 1082 335 1152 victoriis,
356 1099 456 1140 verum
479 1078 551 1150 esse,
575 1091 670 1157 grates
693 1079 755 1140 deis
775 1079 981 1138 immortalibus
994 1083 1040 1157 agi

152 1159 230 1218 aberi
251 1179 296 1220 ue.

172 1178 250 1294 Xllll
283 1241 334 1297 Ao
347 1236 444 1306 fidem,
459 1235 572 1304 deiude,
586 1247 645 1294 tam
659 1235 798 1296 laetarum
809 1253 914 1303 rerum,
934 1235 1041 1297 effundi

132 1314 317 1374 investibulo
337 1314 433 1372 curiae
449 1313 535 1392 jussit
553 1315 674 1375 annulos
694 1329 806 1382 eureos,
826 1313 873 1391 qui
895 1323 991 1374 tantus
1011 1333 1040 1373 a·

133 1411 234 1450 cervus
247 1392 309 1463 fuit,
332 1403 373 1461 ut,
396 1391 581 1452 metientibus
595 1391 743 1450 dimidium
757 1409 843 1468 super
857 1402 915 1452 tres
928 1391 1039 1453 modios

133 1470 274 1546 explesse,
302 1471 359 1531 sint
385 1469 501 1547 quidam
529 1480 671 1528 auctores.
695 1469 799 1528 ‘Fame
832 1468 933 1538 tenuit,
967 1489 1040 1546 quae

132 1547 248 1625 propior
261 1567 329 1606 vero
341 1559 397 1615 est,
411 1546 490 1604 haud
504 1545 568 1622 plus
581 1545 668 1604 fuisse
682 1545 787 1604 modio.
829 1545 947 1626 Adjecit
961 1547 1040 1606 dein·

133 1625 171 1682 de
196 1625 301 1693 verbis,
328 1643 385 1700 quo
412 1623 528 1700 majoris
554 1622 642 1682 cladis
669 1621 806 1682 indicium
832 1636 917 1693 esest,
950 1627 1041 1684 nemi·

132 1719 208 1771 nem,
233 1701 287 1760 nisi
311 1702 445 1780 equitem,
465 1715 552 1778 atqua
573 1719 671 1760 eorum
692 1701 818 1778 ipsorum
841 1701 988 1780 primores,
1012 1704 1041 1761 id

130 1798 232 1856 gerere
258 1779 377 1858 insigne.
431 1780 550 1848 Summa
579 1779 633 1838 fuit
659 1779 804 1847 orationis,
833 1781 899 1844 Quo
925 1781 1042 1858 propius

132 1876 212 1934 spem
226 1858 294 1916 belli
307 1857 472 1934 perficiendi
486 1858 531 1926 sit,
546 1876 582 1914 eo
601 1857 692 1933 magis
712 1857 789 1916 omui
810 1875 865 1934 ope
884 1859 1042 1935 juvandum

134 1935 330 2004 Hannibalern
343 1955 416 1994 esse.
435 1937 535 2012 procul
554 1935 631 1994 enim
649 1936 686 1994 ab
710 1935 797 1996 demo
817 1935 946 1996 militiam
968 1955 1040 2006 esse,

133 2013 163 2069 in
177 2011 271 2072 media
283 2012 409 2070 hostium
429 2022 512 2070 terra.
534 2029 667 2088 magnam
691 2013 747 2070 vim
761 2013 911 2082 '‘frumenti,
925 2017 1043 2091 pecuni-

132 2109 176 2159 ae,
191 2089 322 2148 absumi:
344 2101 374 2148 et
396 2099 440 2148 tot
460 2089 545 2158 acies,
566 2100 600 2148 ut
618 2088 744 2146 hostium
765 2093 907 2150 exercitus
920 2093 1041 2162 delesse,

134 2169 174 2226 ita
195 2166 310 2226 victoris
336 2166 424 2226 etiarn
446 2167 543 2244 copias
565 2177 647 2244 parte
671 2167 765 2244 aliqud
787 2167 930 2230 minuisse.
970 2169 1041 2230 Mit-

125 2247 251 2304 ,tendum
279 2243 366 2322 igitur
392 2245 624 2322 supplementum
651 2265 724 2314 asse,
750 2245 919 2306 mittendam
943 2246 973 2304 in
994 2248 1042 2308 sti-

133 2324 268 2401 pendium
297 2324 457 2400 pecunism,
483 2322 725 2401 frumentumque,
749 2335 808 2384 tam
832 2325 908 2386 bene
934 2325 1042 2385 meritis

135 2401 172 2460 de
197 2401 314 2459 nomine
342 2401 452 2460 Punico
476 2401 623 2460 militibus.
664 2402 829 2473 Secundum
863 2402 937 2462 haec
963 2402 1042 2460 dicta

134 2479 271 2556 Magonis
292 2479 376 2536 laetis
400 2478 544 2546 omnibus,
567 2479 705 2546 Himilco,
726 2479 768 2538 vir
790 2479 922 2540 factionis
946 2478 1043 2534 Barci-

134 2575 197 2626 nae,
225 2557 322 2615 locum
349 2555 503 2634 Hannonis
529 2555 695 2633 increpandi
720 2575 784 2614 esse
811 2566 899 2619 ratus,
919 2563 952 2614 ,“
967 2553 1044 2618 Quid

136 2643 155 2671 “
169 2645 222 2701 est,
250 2634 359 2690 Hanno
373 2631 402 2687 ?’'
429 2632 530 2690 inuit.
558 2640 576 2669 ‘¹
595 2632 681 2690 etiam
709 2651 787 2691 nunc
816 2629 944 2707 poenitet
976 2632 1044 2692 belli

137 2721 155 2750 “
170 2711 294 2788 suscepti
308 2711 444 2769 adversus
456 2653 626 2768 bemanus?
666 2709 744 2768 Jube
755 2708 820 2770 dedi
830 2707 1023 2770 Hannibalem
1035 2705 1058 2769 :⁴

136 2799 155 2826 “
169 2799 235 2847 veta
248 2789 277 2846 in
290 2801 349 2856 tem
374 2786 515 2867 prosperis
538 2787 626 2846 rebus
648 2801 743 2863 grates
764 2787 818 2847 diis
837 2787 1044 2848 immortalibus

138 2877 157 2904 ‘⁶
170 2866 225 2942 agi.
238 2867 387 2926 audiamus
406 2867 571 2924 Romanum
591 2877 751 2926 senatorem
771 2865 800 2925 in
822 2863 1044 2944 Karthaginien·

29 2987 33 2992 .
138 2945 243 3002 “sium
261 2945 363 3002 curia.”
404 2944 480 3002 Tum
492 2943 620 3003 Hanno:
645 2952 663 2982 ‘⁴
678 2943 844 3018 Tacuissem
868 2942 963 3014 bodie,
989 2945 1044 3006 Pa·

136 3031 154 3060 “
168 3032 227 3078 tres
240 3022 401 3098 conscripti,
420 3041 458 3080 ne
473 3022 541 3099 quid
561 3023 590 3080 in
612 3022 759 3081 communi
779 3021 907 3082 onmium
928 3021 1042 3098 gaudio,

136 3107 156 3138 ‘⁸
169 3097 262 3156 minus
281 3099 389 3158 laetum
408 3099 487 3176 quod
502 3111 576 3158 esset
590 3098 679 3168 vobis,
705 3099 843 3176 loquerer.
862 3118 940 3160 nuno
958 3099 1043 3160 inter·

137 3186 157 3216 ‘⁴
171 3175 283 3250 roganti
305 3177 438 3244 senatori,
462 3176 645 3252 paeniteatne
665 3195 716 3236 me<
731 3177 826 3237 adhuc
847 3177 972 3253 suscepti
992 3175 1044 3236 od·

138 3263 157 3294 ‘⁴
171 3271 270 3311 uersus
290 3251 437 3312 Romanos
456 3253 535 3320 belli,
557 3254 580 3312 si
592 3254 738 3325 reticeam,
759 3267 809 3314 aut
832 3256 973 3330 superbus
992 3261 1043 3310 aut

138 3343 157 3374 ‘⁸
171 3330 315 3392 obnoxius
328 3331 440 3390 videare
461 3348 582 3409 quorum
595 3333 714 3392 alterum
729 3343 773 3392 est
792 3332 915 3390 hominis
934 3328 1044 3389 alienae

137 3408 311 3472 “libertatis
337 3407 435 3476 obliti;
456 3409 577 3470 alterum
601 3429 679 3469 ause.
729 3407 932 3484 Respondeam
959 3404 1045 3480 igitur

138 3500 157 3530 ‘⁸
169 3486 338 3560 Himilconi,
362 3505 420 3546 non
440 3487 550 3574 desisse
570 3488 716 3566 poenitere
734 3500 783 3546 ma
796 3481 874 3552 belli,
887 3499 980 3558 nsque
993 3483 1044 3544 de·-
