2534 4010
202 261 240 320 ts
554 255 589 314 r.
616 215 757 316 situ

203 431 259 471 nec
280 411 420 490 privatum
444 412 571 490 auspicia
591 414 680 490 sequi,
701 431 757 472 nec
769 412 837 472 'sine
850 412 983 492 auspiciis
996 412 1106 492 profec-

204 503 264 548 tum
285 490 314 546 in
335 500 454 549 externo
473 508 509 548 ea
529 489 590 548 solo
610 509 684 548 nova
708 501 793 568 atque
821 491 931 567 integra
954 493 1107 570 concipere

204 586 297 644 posse.
338 569 496 644 Augebant
525 579 635 627 metum
661 569 799 646 prodigia,
820 568 1002 647 expluribus
1023 569 1110 627 simtil

204 644 275 703 locis
301 645 455 704 nunciata:
482 645 511 702 in
533 645 629 702 Sicilia
649 647 786 704 militibus
806 647 914 724 aliquot
934 645 1049 724 spicula,
1078 647 1110 703 in

206 721 336 780 Sardinia
350 734 447 780 autem
461 723 490 779 in
504 727 586 780 moro
607 724 793 782 circumeunti
814 725 923 800 vigilias
945 723 1032 802 equiti
1052 724 1107 782 sci-

201 799 328 876 pionem,
362 819 429 858 uem
442 819 528 870 manu
543 809 683 870 tenuetat,
704 801 814 869 arsisse,
835 817 865 861 et
885 803 981 861 littora
1001 801 1108 860 crebris

204 876 318 953 ignibus
341 820 462 947 fulsisse,
484 889 514 936 et
533 890 615 936 scuta
628 879 687 935 duo
700 878 839 954 sanguine
853 880 980 949 sudasse,
995 891 1024 938 et
1039 878 1110 936 mili·

205 967 249 1014 tes
263 954 400 1032 quosdam
414 957 487 1014 ictos
506 955 681 1023 fulminibus,
702 967 732 1013 et
753 956 820 1014 solis
840 959 939 1015 orbem
961 956 1050 1014 minui
1070 956 1109 1013 vi·

204 1051 286 1090 sum:
307 1027 337 1090 et
351 1033 507 1091 Praeneste
525 1033 658 1091 ardentes
678 1033 788 1110 lapides
809 1035 890 1093 coelo
904 1034 1061 1100 cecidisse3
1080 1045 1111 1092 et

204 1111 292 1188 Arpis
311 1127 424 1187 parmas
444 1111 472 1167 in
492 1109 574 1166 coelo
593 1111 676 1178 visas,
697 1122 930 1189 pugnantemque
954 1129 1020 1168 cum
1041 1110 1111 1168 luna

204 1189 313 1266 solemz
332 1199 362 1246 et
376 1189 512 1264 Capenae
525 1185 596 1243 duas
609 1187 733 1246 interdiu
753 1189 835 1247 lunas
856 1200 950 1248 ortas:
972 1199 1001 1246 et
1020 1205 1110 1265 aquas

204 1267 340 1323 Caeretes
367 1265 505 1340 sanguine
524 1265 628 1322 mixtas
654 1266 793 1333 fluxisse3
821 1265 989 1344 fontemque
1016 1267 1110 1344 ipsum

205 1342 340 1400 Herculis
360 1342 485 1400 cruentis
506 1343 637 1399 manasse
653 1359 782 1416 sparsum
802 1345 939 1402 maculis:
961 1344 1034 1403 etin
1049 1345 1110 1401 An-

205 1419 267 1477 tiati
281 1422 456 1478 metentibus
470 1428 601 1477 cruentas
615 1419 645 1474 in
658 1419 775 1476 corbem
794 1419 887 1494 spicas
902 1421 1059 1479 cecidisse:
1081 1431 1111 1478 et

207 1496 323 1554 Faleriis
336 1497 449 1555 coelum
462 1497 531 1554 findi
544 1497 622 1554 velut
636 1514 740 1572 magno
762 1495 842 1554 biatu
865 1497 974 1563 visum;
996 1499 1111 1574 quiaque

206 1573 329 1652 patuerit
343 1574 443 1650 ingens
463 1575 560 1633 lumen
582 1573 739 1632 effulsisse:
759 1585 851 1632 sortes
871 1575 924 1633 suit
943 1588 1047 1652 sponte
1067 1584 1111 1632 at·

206 1661 346 1721 tenuetas,
374 1671 519 1730 unamque
540 1653 688 1721 excidisse,
709 1651 751 1710 ita
770 1652 926 1730 scriptam:
967 1651 1111 1710 Mavoas

208 1749 318 1791 rutum
340 1749 426 1790 soum
447 1749 627 1789 concurrat
648 1743 678 1789 et
698 1747 749 1806 per
768 1729 844 1786 idem
865 1739 978 1804 tempus
999 1729 1112 1788 Romae

206 1811 318 1888 signum
340 1809 444 1865 Martis
465 1808 564 1882 Appia
583 1807 629 1864 vift
641 1807 678 1864 ad
692 1807 842 1864 simulacra
858 1805 990 1882 luporum
1011 1805 1112 1863 sudis·

208 1908 261 1946 se:
290 1897 319 1942 et
340 1885 457 1959 Capuae
478 1873 603 2016 speciem
624 1885 697 1942 coeli
716 1884 841 1942 ardentis
860 1883 955 1952 fuisse,
969 1883 1113 1960 lunaeque

207 1966 283 2021 inter
308 1960 429 2017 imbrem
451 1961 588 2019 caeratis.
640 1962 711 2021 Inde
737 1963 893 2020 minoribus
920 1960 1006 2019 etiam
1033 1961 1114 2020 dictu

115 2061 118 2066 ·
208 2036 343 2118 prodigiis
356 2036 427 2094 fides
440 2038 557 2096 habita:
579 2059 678 2116 capras
696 2040 807 2098 lanatas
829 2039 999 2117 quibusdam
1012 2038 1113 2107 factas,

209 2129 239 2175 et
258 2113 393 2192 gallinam
414 2115 442 2172 in
463 2117 580 2183 marem,
602 2117 709 2192 gallum
729 2119 758 2175 in
778 2119 912 2176 feminam
934 2135 996 2176 sese
1016 2116 1115 2174 vertis·

210 2211 251 2251 se.
291 2191 356 2262 His,
371 2193 445 2251 sicut
459 2205 540 2252 erant
562 2193 705 2260 nunciata,
729 2195 876 2270 expositis,
893 2194 1114 2270 auctoribusque

211 2271 241 2328 iu
254 2269 363 2328 curiam
376 2270 554 2336 introductis,
568 2269 667 2325 consul
682 2268 720 2325 de
732 2271 870 2344 religione
890 2271 990 2331 Patres
1010 2287 1114 2329 consu-

211 2347 272 2405 luit.
313 2347 480 2414 Decretum,
502 2361 534 2401 ut
552 2363 587 2401 ea
610 2343 748 2420 prodigia,
762 2347 866 2422 partim
881 2351 1036 2426 maj0ribus
1048 2349 1114 2406 bos·

209 2426 265 2494 tiis,
279 2425 381 2502 partim
403 2421 584 2490 lactentibus,
601 2434 840 2498 procurarentur;
860 2436 890 2484 et
911 2428 952 2484 uti
973 2426 1115 2505 supplica·
1214 2451 1215 2474 t

211 2504 252 2562 tio
265 2521 316 2581 per
329 2500 453 2559 triduum
469 2500 504 2558 ad
522 2500 618 2557 omnia
636 2499 795 2576 pulvinaria
813 2503 988 2571 haberetur;
1007 2515 1117 2572 cetera,

211 2601 299 2660 quum
313 2579 465 2640 decemviri
478 2579 566 2636 libros
579 2577 778 2655 inspexissent,
792 2592 825 2639 ut
839 2581 879 2639 ita
892 2583 1001 2651 fierent,
1015 2599 1116 2659 quem·

212 2659 367 2716 admodum
381 2657 460 2716 cordi
468 2676 537 2718 esse
550 2656 607 2714 divi
621 2655 795 2715 carminibus
812 2660 1016 2738 praefarentur.
1055 2659 1116 2717 De·

212 2735 399 2792 cemvirorum
414 2737 524 2794 monitu
537 2735 686 2793 decretum
706 2746 759 2804 est,
779 2737 845 2794 Jovi
865 2737 986 2812 [nimum
1008 2737 1116 2792 donum

212 2811 320 2868 titlmen
334 2829 451 2869 aureum
466 2812 562 2888 pondo
587 2813 790 2888 quinquaginta
811 2813 908 2877 fieret3
927 2811 1034 2867 Junoni
1058 2811 1116 2867 Mi-

213 2905 373 2964 nervaeque
393 2906 429 2945 ex
450 2901 568 2964 argento
592 2889 669 2946 dona
691 2889 843 2954 densatum
862 2897 892 2944 et
904 2886 1012 2943 Junoni
1029 2886 1118 2964 Regi·

214 2983 269 3024 nae
289 2965 318 3020 in
341 2965 493 3032 Aventino,
514 2966 678 3045 Junonique
699 2962 829 3040 Sospitae
851 2962 981 3030 Lanuvii,
1004 2966 1120 3042 majori-

215 3048 270 3102 bus
289 3041 389 3099 hostiis
410 3043 631 3111 sacrificaretur3
650 3051 862 3119 matronaeque,
884 3040 1007 3118 pecunia
1031 3045 1120 3102 colla·

213 3123 407 3197 tei,qaantum
429 3120 557 3179 conferre
579 3122 681 3198 cuique
702 3121 883 3178 commodum
903 3127 988 3188 esset,
1010 3121 1118 3181 donum

216 3198 324 3260 Juooni
339 3196 469 3272 Reginae
482 3199 510 3254 in
528 3202 701 3256 Aventinum
720 3199 836 3267 ferrent,
856 3197 1119 3278 lectisterniumque

214 3279 317 3336 fieret:
346 3275 414 3351 quin
434 3285 464 3332 et
483 3275 632 3334 libertinae
652 3288 684 3334 ut
703 3277 791 3353 ipsae,
812 3276 888 3334 unde
908 3275 1048 3337 Feroniae
1068 3281 1119 3336 do·

216 3373 285 3412 num
299 3353 422 3417 daretur,
436 3351 587 3428 pecuniam
601 3371 653 3426 pro
666 3353 850 3412 facultatibus
868 3355 926 3412 suis
947 3355 1118 3414 conferrent.

218 3431 304 3490 Haeo
330 3429 379 3490 ubi
404 3429 490 3497 facta,
514 3427 666 3484 decemviri
688 3433 803 3490 Ardeae
826 3433 855 3489 in
879 3432 940 3491 foro
964 3430 1119 3507 majoribus

216 3505 315 3567 bostiis
329 3507 530 3569 sacrificarunt.
544 3513 688 3580 postremo
703 3508 859 3570 Decembri
881 3514 939 3588 jam
962 3527 1060 3567 mense
1081 3508 1119 3571 ad
