2386 3930
695 86 722 143 s*

424 273 589 336 urnnn
620 258 716 340 rut.
897 357 901 366 Α
967 281 1025 340 ass

117 433 147 495 'et
169 427 535 512 appropinquare,alletum
557 441 611 500 est,
633 433 803 510 signumque
826 441 941 509 pugnae
959 451 1025 509 pre

115 513 243 590 positum
265 513 301 570 sb
325 531 399 570 novo
413 511 487 570 duce
501 510 605 568 milites
618 511 766 578 viderunt;
787 509 937 578 reeordari,
952 529 1026 586 quos
1087 549 1091 556 -

115 591 202 668 peulo
215 601 284 648 ante
297 592 482 666 imperatores
494 585 673 654 ltel‘uissent,
682 589 845 724 quibusque
858 601 889 646 et
902 587 1026 648 ducibus

116 682 146 728 et
166 669 255 746 copiis
267 668 333 724 freti
352 667 464 744 prodire
474 665 513 734 ,ad
525 662 680 742 pugnams
709 667 743 724 iti
755 681 862 736 essent,
881 662 949 724 llere
964 686 1025 724 ema

115 765 170 806 nes·
181 755 309 822 repente,
324 755 353 803 et
366 745 506 804 offensare
519 743 632 820 capito:
646 755 675 802 et
689 744 737 800 elii
746 763 847 802 manus
861 745 898 802 ad
912 745 1025 804 coelum

116 824 245 890 tendere,
266 823 336 881 deos
355 821 538 888 incusatum
563 821 620 889 alii,
635 822 714 880 strati
735 821 824 890 humi,
844 841 927 880 suurn
950 823 1028 900 quis*

117 921 174 979 que
193 901 361 960 nominetim
381 899 485 958 ducem
506 899 666 977 implorare.
686 919 780 976 neque
803 898 894 956 sederi
918 899 1028 960 lamen-

117 979 189 1038 tstio
203 988 325 1057 poterat,
339 979 531 1038 excitantibus
550 976 767 1036 centurionibus
780 976 978 1052 manipulares,
997 992 1028 1039 et

117 1059 181 1135 ipso
202 1058 348 1116 mulcente
367 1068 398 1115 et
419 1057 585 1133 iucrepaete
605 1055 727 1121 Marcio,
742 1053 809 1132 quid
832 1053 861 1110 in
876 1053 1028 1114 muliebres

119 1147 149 1196 et
169 1135 331 1194 inutilesse
350 1135 537 1212 projecissent
554 1135 640 1193 fietus
657 1133 762 1210 potius,
782 1151 867 1210 quam
881 1132 920 1190 ed
933 1144 1029 1190 tuten-

119 1213 173 1272 des
194 1225 286 1272 semet
307 1214 394 1290 ipsos,
408 1225 437 1270 et
460 1213 666 1289 rempublicam
686 1229 794 1280 seeum,
808 1221 946 1269 acuerent
969 1211 1030 1268 sni·

119 1291 207 1348 mosi
237 1303 266 1349 et
287 1311 323 1349 ne
341 1291 447 1348 inultos
459 1290 645 1368 imperatores
668 1308 736 1348 suos
756 1293 853 1367 jecere
866 1289 1031 1347 sinerent-

120 1388 211 1446 quum
229 1368 325 1427 subito
344 1370 460 1439 clamor,
474 1369 665 1446 tubarumque
682 1370 856 1446 sonus·(jatm
870 1367 946 1425 euim
966 1383 1031 1444 pro·

120 1466 159 1524 pe
172 1447 276 1505 vellum
299 1447 396 1506 hostes
420 1447 688 1520 eruntlexauditur.
727 1445 810 1513 Inde,
824 1463 905 1502 verso
929 1464 1031 1520 repen-

121 1536 152 1582 te
170 1524 199 1582 iu
219 1526 290 1582 iram
310 1525 401 1590 luctu,
422 1523 582 1578 discurrere
593 1521 632 1586 ad
644 1539 742 1578 arma:
767 1538 812 1588 ec,
825 1521 905 1577 velut
917 1523 1032 1580 trecensi

120 1603 210 1670 rabie,
230 1601 391 1658 discurrunt
414 1598 451 1655 ad
475 1607 581 1674 portas,
604 1609 634 1654 et
658 1597 688 1654 in
710 1596 833 1666 hostem,
855 1596 1033 1672 negligenter

122 1691 210 1755 etque
241 1675 431 1754 incomposite
456 1675 627 1743 venientem,
660 1669 821 1732 incurrunt.
876 1673 1032 1753 Extemplo

122 1757 274 1834 improvisu
296 1773 342 1814 res
364 1773 500 1832 pavorem·
522 1752 625 1811 incutit
648 1752 776 1811 Poenis:
804 1749 1032 1830 mirabundique,

123 1836 202 1893 unde
221 1844 264 1891 tot
283 1834 382 1892 hostes
403 1845 462 1890 tarn
486 1831 581 1890 subito
601 1829 701 1900 exorti,
722 1850 814 1908 prope
835 1827 933 1889 deleto
954 1849 1035 1890 exer·

124 1913 193 1980 citu
207 1913 317 1979 forent;
338 1909 414 1969 unde
428 1920 509 1968 tante
528 1910 658 1979 audacie,
677 1921 757 1968 tants
769 1908 877 1968 fiducie
889 1908 934 1967 tui
951 1909 1034 1968 vietis

125 1989 299 2064 aufugatis,
322 1989 384 2066 quis
407 1989 568 2064 imperator,
593 1989 706 2046 dtrobus
731 1987 914 2066 Scipionibus
933 1988 1033 2057 caesis,

125 2067 276 2136 extitisset,
300 2067 362 2143 quis
386 2065 485 2124 castris
508 2077 662 2143 praeesset,
686 2067 748 2142 quis
772 2066 883 2142 signum
909 2065 1034 2124 dedisset

125 2163 257 2222 pognac;
287 2144 420 2202 adhaec
441 2155 567 2201 tottam
590 2143 770 2220 necopinata,
791 2144 1035 2219 primo,orrmit1m

125 2222 226 2282 incerti
247 2233 461 2300 stupentesque,
481 2221 607 2279 referunt
627 2221 750 2298 pedem:
773 2220 850 2289 dein,
870 2222 963 2280 velidi
983 2223 1035 2279 im-

125 2301 271 2380 pressione
291 2299 373 2378 pulsi,
389 2311 470 2376 terga
483 2311 608 2358 vertunt.
647 2299 687 2357 Et
708 2311 759 2358 aut
776 2297 948 2375 fngientium
970 2318 1036 2358 cue

126 2380 180 2438 des
189 2378 276 2436 foeda
290 2379 400 2445 luisset,
414 2388 464 2436 aut
484 2378 650 2437 temerarium
670 2377 905 2456 periculosusque
916 2391 1036 2454 sequen·

126 2457 198 2514 tium
211 2456 344 2532 impetus,
358 2456 387 2512 ui
407 2455 534 2515 Marcius
558 2471 678 2534 propere
697 2454 828 2531 receptui
840 2455 966 2513 dedisset
980 2455 1036 2530 sig-

126 2553 206 2602 rmur,
220 2534 418 2610 obsistensque
432 2533 469 2590 ad
491 2535 583 2611 prime
605 2535 694 2610 signa,
709 2533 848 2609 quosdam
862 2542 892 2591 et
911 2533 973 2609 ipse
993 2549 1037 2588 re·

127 2613 232 2682 tineus,
259 2611 434 2670 concitatam
458 2613 638 2688 repressisset
664 2610 767 2668 uelem.
788 2609 856 2668 inde
882 2610 914 2667 in
935 2619 1036 2678 castra,

128 2684 228 2750 andos
240 2689 336 2748 adhuc
358 2688 512 2766 caedisque
531 2701 561 2746 et
581 2688 734 2764 smrguinis,
748 2687 871 2746 reduxit.
911 2687 1038 2746 Kartha·

127 2768 280 2846 gisriemm,
294 2768 405 2858 trepide
422 2767 514 2845 primd
527 2768 568 2824 ab·
578 2765 705 2824 bostium
717 2765 791 2824 vello
805 2767 875 2836 acti,
886 2777 1038 2845 postquam

20 2847 22 2852 ’
101 2877 103 2882 ·
129 2847 273 2904 nemmem
295 2846 408 2924 rnsequi
428 2845 568 2914 viderunt,
593 2857 674 2902 metu
699 2843 861 2904 substitisse
882 2847 945 2914 rati,
969 2859 1038 2903 con·

129 2925 259 3002 tmptim
281 2944 381 2983 rursus·
390 2935 420 2983 et
433 2924 533 2982 sedeto
553 2923 644 3000 grado
666 2922 696 2980 iu
710 2933 804 2980 creua
825 2925 942 2988 ebsunt.
981 2923 1039 2982 Par

129 3003 304 3078 negligentia
326 3004 356 3059 in
380 3003 478 3061 castris
499 3001 694 3062 custodiendis
716 3000 779 3058 tuit.
801 3019 877 3072 nam,
898 3002 952 3060 etsi
971 3019 1046 3076 prun·

130 3080 253 3168 pinques
271 3080 366 3136 'bostis
388 3091 457 3146 erat,
478 3089 577 3137 temen
595 3079 726 3156 reliquias
747 3099 813 3138 eum
834 3099 897 3139 esse
917 3079 1038 3135 duorum

39 3160 43 3166 ’
131 3167 310 3216 exercituum
336 3168 404 3214 ants
435 3174 542 3233 paucos
571 3156 633 3214 dies
660 3157 821 3217 deletorum
846 3157 1039 3216 succurrebat.

132 3232 180 3291 Ob
204 3231 263 3291 hoc
282 3253 370 3312 quum
390 3235 490 3293 omnis
508 3234 640 3311 neglecta
660 3237 737 3312 apud
760 3237 975 3304 hostesement
989 3247 1039 3294 err·

131 3311 250 3390 ploretis
268 3313 312 3382 iis,
332 3313 462 3372 Marcius
483 3311 520 3370 ed
540 3312 698 3382 consilium,
718 3314 813 3391 prime
833 3312 932 3389 speeie
949 3323 1040 3382 teme·

131 3389 236 3454 terim
258 3391 360 3467 magis,
381 3407 467 3468 quam
490 3389 595 3461 euder,
618 3392 746 3450 animum
767 3389 938 3466 ediscitur
964 3388 1040 3448 ultro

132 3477 227 3528 cestra
252 3468 377 3528 hostium
404 3483 601 3546 oppugnant:
633 3468 744 3526 facilius
768 3485 833 3527 este
857 3477 937 3525 retus
955 3467 1041 3526 unius

133 3545 327 3610 Hasdrubale
350 3547 508 3627 expugnari
529 3559 635 3622 meus,
652 3563 748 3624 qiam,
767 3545 793 3606 si
815 3565 850 3608 se
866 3563 963 3607 rurus
982 3558 1042 3608 tres
