2406 3932
168 235 225 295 tos
330 249 331 256 Ν
481 229 485 238 “
519 205 743 291 univit*

166 405 238 467 quos
258 383 312 444 sibi
330 385 406 462 ipsos
425 385 528 445 secisse
544 387 652 457 foveas,
665 385 884 466 'obruentesqie
905 389 957 448 ora
977 381 1082 470 supet·v

163 467 243 544 jecta
256 465 344 522 humo
358 463 549 522 interclusisse
559 465 699 542 spiritum,
710 467 874 543 apparebat.
916 469 1073 548 Praecipue

164 543 305 603 convertit
324 559 424 600 omnes
442 543 603 600 substratus
624 543 751 602 Numida
774 555 885 602 mortuo
905 548 1073 622 superincu-

165 621 246 681 banti
260 620 392 678 Romano
413 619 501 687 vivus,
522 639 593 678 naso
611 621 784 698 auribusque
803 621 952 689 laceratis;
973 643 1071 700 quum,

105 757 108 762 Δ
164 699 296 756 manibus
316 697 354 754 atl
374 695 544 773 capiendum
566 698 654 756 telum
675 699 832 768 inutilibus,
853 700 882 756 in
900 701 1009 761 rabiem
1029 703 1072 761 ira

164 795 270 844 versus,
284 774 417 832 laniando
431 775 567 832 dentibus
578 776 692 835 bostem
706 778 888 854 exspirasset.

201 853 269 910 Lll.
311 853 437 910 Srotns
461 853 498 911 ad
521 853 644 910 multum
671 852 727 910 diei
750 854 843 925 lectis,
865 852 1013 915 Hannibal
1033 857 1070 914 ad

162 932 272 989 minora
291 930 371 988 ducit
391 942 485 990 castra
505 931 705 1008 oppugnanda,
730 941 769 1001 et,
789 933 916 991 omnium
938 935 1068 1012 primum,

161 1009 280 1070 brachio
293 1008 548 1084 objecto,·fiumine
561 1028 612 1066 eos
625 1007 763 1067 excludit.
803 1013 939 1070 Ceterum
953 1013 990 1069 ab
1009 1031 1084 1070 om·-

161 1089 256 1156 nibus,
270 1087 377 1153 labore,
392 1085 500 1159 vigiliis,
515 1085 681 1146 vulneribus
702 1089 798 1156 etiam,
816 1088 908 1157 fessis,
932 1089 1070 1148 maturior

160 1165 313 1242 ipsiusspe
327 1162 434 1220 deditio
447 1175 491 1221 est
504 1163 589 1222 facta.
610 1165 697 1245 pacti,
716 1175 750 1223 ut
771 1183 850 1224 arma
869 1169 955 1243 atque‘
979 1185 1068 1244 equos

163 1243 317 1308 traderent,
338 1240 368 1297 in
388 1241 484 1316 capita
508 1241 641 1301 Romana
662 1245 787 1302 trecenis
808 1246 931 1302 nummis
954 1245 1067 1321 quadri-

154 1319 243 1395 gatis,
262 1319 291 1374 in
313 1316 405 1374 socios
426 1317 554 1387 ducenis,
579 1323 608 1379 in
631 1340 727 1378 servos
751 1323 888 1391 centenis,
913 1333 943 1380 et
966 1332 1007 1386 ut.
1031 1325 1066 1381 eo

150 1396 251 1474 pretio
279 1394 432 1470 persoluto,
457 1415 524 1454 cum
550 1398 668 1474 singulis
695 1398 807 1456 abirent
830 1401 1016 1468 vestimentis,
1037 1401 1065 1457 in

157 1485 253 1533 castra
271 1473 369 1530 hostes
393 1487 584 1552 acceperunt;
605 1474 757 1553 traditique
776 1476 807 1532 in
824 1474 985 1534 custodiam
1005 1497 1065 1535 um-

159 1571 210 1611 nes
224 1562 300 1621 sunt,
314 1569 442 1610 seorsum
456 1554 532 1612 cives
552 1555 691 1633 sociiquer
728 1555 807 1612 Dum
826 1554 867 1613 ibi
888 1564 1002 1630 tempus
1022 1566 1064 1612 te·

154 1631 237 1698 ritur,
261 1629 371 1688 interea
393 1651 480 1708 quum
504 1651 541 1690 ex
564 1635 719 1710 majoribus
743 1635 852 1701 casaria,
874 1632 976 1708 quibus
996 1633 1064 1690 satis

155 1707 258 1766 virium
281 1720 332 1766 aut
355 1709 442 1766 animi
464 1709 526 1777 suit,
552 1711 588 1766 ad
611 1721 733 1784 quatuor
755 1711 842 1764 millia
865 1709 1012 1766 hominum
1035 1724 1065 1768 et

154 1787 273 1846 ducemi
297 1787 416 1862 equites,
441 1786 487 1840 alii
507 1785 629 1857 agmine,
652 1785 698 1838 alii
719 1782 806 1857 palati
831 1785 936 1858 passim
962 1805 1012 1860 per
1031 1805 1063 1843 a·

154 1885 231 1942 gros,
246 1863 322 1938 quod
336 1858 413 1917 haud
428 1861 519 1914 minus
539 1871 633 1914 tutum
655 1869 725 1926 erat,
744 1859 902 1916 Canusium
924 1862 1063 1938 perlugis·

68 1949 73 1958 “
155 1951 228 2006 sent,
243 1950 337 1995 castra
349 1938 410 2010 ipsa
422 1937 459 1992 ab
474 1935 576 1992 sauciis
590 1935 752 2012 timidisque
765 1932 869 1996 eidem
889 1938 1061 2009 conditione,

152 2018 212 2095 qua
231 2015 328 2080 altera,
343 2012 447 2069 tradita
460 2011 545 2070 hosti.
586 2013 697 2073 Praeda
717 2015 817 2092 ingens
837 2029 918 2094 parta
939 2027 1000 2074 cst:
1022 2031 1061 2087 er,

155 2103 267 2171 praeter
280 2108 369 2166 equos
383 2089 523 2168 virosque,
538 2104 568 2150 et
589 2093 613 2150 si
634 2094 702 2170 quid
726 2097 845 2171 argenti,
866 2095 954 2172 (quod
974 2095 1061 2171 pluri-
1133 2151 1140 2156 .

153 2189 232 2229 mum
246 2171 275 2225 in
288 2168 413 2244 phaleris
427 2189 564 2246 equorum
580 2183 640 2228 erat
653 2195 660 2239 ς
680 2191 747 2231 nam
762 2173 797 2228 ad
812 2173 984 2230 vescendum
1002 2173 1061 2230 fac·

152 2260 183 2305 to
207 2248 372 2324 perexiguo,
397 2248 495 2324 utique
523 2247 687 2320 militantes,
712 2251 876 2318 utebantur)
900 2249 993 2304 omnis
1012 2267 1060 2306 ce·

152 2341 214 2385 tera
228 2327 334 2402 praeda
347 2323 505 2400 diripienda
518 2325 586 2382 data
605 2338 660 2383 est.
699 2327 774 2382 Tum
794 2324 949 2400 sepeliendi
971 2329 1060 2385 causa
1104 2358 1107 2363 ·
1195 2411 1196 2418 ἵ

152 2403 273 2464 conferri
287 2404 316 2458 in
330 2419 419 2458 unum
440 2420 559 2478 corpora
573 2421 686 2460 suorum
705 2401 798 2480 Jussit.
838 2402 888 2460 Ad
909 2414 976 2460 octo
996 2404 1059 2462 mil·

153 2484 191 2544 lia
215 2481 304 2539 fuisse
330 2480 465 2537 dicuntur
490 2481 706 2538 fortissimorum
727 2480 861 2538 virorum.
902 2481 1057 2539 Consulem

152 2580 266 2640 quoque
294 2559 458 2616 Romanum
484 2559 676 2636 conquisitum
703 2559 913 2636 sepultumque,
941 2558 1057 2635 quidam

150 2650 283 2696 auctores
297 2651 371 2695 sunt.
414 2637 483 2705 Eos,
496 2637 544 2714 qui
566 2639 721 2704 Canusium
742 2637 932 2714 perfugerant,
956 2637 1058 2695 mulier

151 2715 259 2789 Apula,
270 2715 385 2774 nomine
399 2717 486 2784 Busa,
499 2735 605 2792 genere
618 2717 696 2776 clara
718 2735 753 2774 ac
773 2715 885 2783 divitiis,
907 2716 1056 2773 moenibus

149 2801 262 2849 tantum
283 2793 424 2867 tectisque
444 2813 461 2850 a
481 2793 633 2852 Canusinis
656 2805 800 2868 acceptos,
820 2793 972 2858 frumento,
995 2809 1055 2848 ves·

148 2874 191 2938 te,
203 2864 306 2923 viatico
319 2868 407 2923 etiam
423 2869 514 2942 juvit;
534 2888 585 2943 pro
605 2887 661 2944 qua
682 2871 708 2925 ei
733 2866 926 2924 munificentia
944 2877 1054 2941 postea,

149 2944 225 3006 bello
238 2942 375 3018 perfecto,
391 2945 427 3000 ab
443 2955 544 2999 senatu
557 2943 680 3000 honores
695 2943 786 2999 habiti
799 2952 874 2998 sunt.
978 3001 985 3023 .

188 3021 271 3081 Llll.
311 3020 478 3088 Caranum,
499 3039 587 3096 quum
606 3019 646 3078 ibi
667 3020 773 3078 tribuni
791 3019 912 3076 militurn
932 3033 1055 3098 quatuor

149 3112 254 3168 essent,
276 3098 380 3156 Fabius
399 3098 546 3156 Maximus
566 3098 603 3156 de
619 3099 732 3174 legione
750 3096 849 3175 prima,
870 3100 952 3175 cujus
971 3113 1054 3176 pater

149 3180 241 3260 priore
260 3195 336 3234 anno
356 3177 479 3236 dictator
501 3177 603 3246 fuerat,
625 3190 654 3235 et
677 3175 714 3235 de
735 3175 847 3252 legione
869 3178 998 3248 secunda
1017 3179 1053 3236 L.

151 3255 297 3316 Publicius
311 3255 431 3314 Bibulus
445 3268 474 3314 et
489 3255 522 3314 P.
536 3255 685 3313 Cornelius
707 3255 811 3332 Scipio,
832 3265 862 3312 et
883 3254 920 3312 de
939 3255 1052 3332 legione

148 3335 235 3396 tertia
255 3335 314 3412 Ap.
336 3333 473 3393 Claudius
495 3333 629 3403 Pulchen·
648 3333 697 3411 qui
721 3332 848 3410 proxime
871 3332 971 3391 aedilis
989 3333 1050 3390 fua

149 3424 211 3481 rat;
231 3413 356 3471 omnium
371 3431 511 3473 consensu
525 3412 562 3470 ad
577 3411 613 3469 Ρ.’
625 3412 795 3490 Scipionem,
810 3411 964 3470 admodum
981 3409 1052 3486 adae,

148 3489 316 3566 lescentem,
335 3504 365 3553 et
384 3491 422 3553 ad
442 3496 499 3570 Ap.
520 3490 672 3552 Claudium
693 3508 807 3550 summa
825 3486 1049 3567 imperii'tlelata
