2386 3930
166 243 225 302 212
468 287 473 296 .
518 239 553 300 Τ.
583 239 730 336 LlVII¹

162 397 223 532 {pm
245 393 355 474 pridem
375 395 510 466 hahebat,
530 407 561 455 et
581 380 698 456 causam
722 405 825 454 nectus
847 405 910 455 erat
930 405 988 459 tam
1008 395 1078 458 ditis

188 474 289 532 ominis
309 475 386 532 bona
405 475 567 550 possidendi
581 474 797 551 vendendique:
817 483 954 543 ceterum,
970 485 1002 534 ut
1016 476 1080 535 irae

167 552 268 629 magis,
293 570 378 628 quam
392 553 535 622 avaritiae,
549 552 650 612 datum
674 553 822 612 crederent
845 550 984 621 homines,
1011 571 1080 613 cru·

165 629 277 690 delitati
296 648 410 708 quoque
433 631 601 707 gravitatem
625 630 753 698 eddidit3
779 631 986 706 conjugemque
1010 633 1079 708 ejus

166 726 202 766 ac
224 707 339 775 liberos,
363 709 392 765 in
415 720 512 767 castra
534 710 651 779 accitos,
677 707 842 786 quaestione
865 707 941 784 prius
962 707 1077 777 habite,

165 784 288 862 primum
311 785 349 843 de
362 783 431 862 iuga
455 787 566 857 Altinii,
581 787 648 846 dein
661 797 800 863 quantum
823 784 884 844 auri
906 785 1078 862 argentique

165 859 253 998 domp)
276 862 409 953 relictum
441 877 527 936 esset,
561 865 630 924 satis
666 863 790 940 cognitis
822 863 963 934 omnibus,
996 863 1078 924 vivos

166 955 230 998 corn
255 951 335 998 ussit.
446 985 449 990 ,
816 957 819 964 ’
970 977 973 982 -

205 1016 313 1076 XLVI.
354 1019 485 1090 Fessus,
505 1021 543 1078 nb
565 1017 701 1080 Suessula
724 1019 879 1096 profectus,
900 1019 997 1094 Arpos
1013 1019 1077 1152 pri·

165 1115 245 1156 mum
266 1096 368 1158 institit
391 1116 567 1174 oppugnare.
590 1095 650 1166 ubi,
675 1116 763 1174 quum
786 1115 804 1157 n
827 1095 989 1176 quingentis
1026 1115 1077 1170 ere

163 1174 295 1252 passibus
319 1187 412 1233 cestra
438 1175 588 1252 posuisset,
613 1174 824 1252 contemplatus
850 1193 889 1233 ex
914 1173 1077 1261 propinquo

163 1251 255 1320 situm,
272 1251 350 1308 urbis
371 1252 549 1328 moeniaque,
573 1270 647 1329 quae
670 1271 735 1329 pars
757 1251 900 1316 tutissima
923 1252 1076 1310 moenibus

162 1337 233 1394 stat,
246 1327 304 1402 quia
327 1328 450 1384 maxime
464 1329 626 1403 neglectam
639 1328 799 1387 custodiam
814 1329 894 1398 vidit,
908 1347 943 1388 ea
963 1330 1077 1406 potissi·

162 1421 241 1460 mum
262 1402 382 1478 aggredi
405 1403 515 1463 statuit.
564 1404 746 1482 Comparatis
769 1406 913 1474 omnibus,
938 1425 1013 1482 quae
1036 1407 1077 1466 ed

162 1481 249 1540 urbes
270 1481 478 1558 oppugnandas
500 1483 564 1544 usui
588 1496 663 1552 sunt,
683 1480 882 1542 centurionum
905 1484 1010 1540 robora
1034 1501 1077 1542 ex

163 1569 226 1618 toto
240 1559 370 1618 exercitu
390 1559 508 1638 delegit,
522 1561 718 1638 tribunosque,
732 1560 806 1619 vitos
821 1558 919 1628 fortes,
932 1559 973 1618 eis
991 1578 1079 1636 prae·

161 1637 240 1706 fecit,
254 1650 284 1697 et
307 1637 412 1698 milites
436 1649 597 1709 sexcentos,
612 1651 750 1716 quantum
770 1637 838 1696 setis
851 1637 943 1696 risum
962 1649 1015 1706 est,
1030 1649 1079 1696 at·

161 1716 279 1789 tpibuit:
300 1735 416 1794 eosque,
440 1716 489 1776 ubi
512 1728 629 1794 quartae
643 1716 754 1791 vigiliae
777 1714 889 1790 signum
913 1714 1077 1786 cecinisset,

162 1793 280 1852 adeum
300 1793 396 1852 iocum
416 1793 508 1852 scales
527 1795 613 1869 jussit
625 1793 707 1850 ferre.
747 1790 836 1848 Porta
854 1791 895 1848 ibi
914 1789 1029 1849 humilis
1043 1804 1077 1852 et

162 1881 284 1945 angusta
297 1882 367 1939 erat,
382 1870 427 1928 vib
440 1869 610 1946 infrequenti
624 1887 674 1945 per
687 1867 831 1928 desertam
844 1879 955 1946 partem
975 1870 1055 1928 urbis
1068 1893 1078 1928 s

162 1963 227 2006 cem
251 1956 363 2023 portam
377 1947 459 2004 scalis
473 1947 551 2023 prius
570 1946 825 2022 perspersum
845 1963 958 2004 murum
972 1965 1075 2024 perge·

160 2043 201 2093 ra,
215 2035 244 2084 ct
265 2041 302 2081 ers
320 2023 455 2082 interiore
468 2035 550 2101 parte
562 2026 590 2084 ri
604 2025 728 2084 claustra
741 2023 904 2101 refringere,
925 2026 1017 2101 jubet,
1033 2036 1074 2096 et,

160 2109 293 2172 tenentes
315 2112 426 2178 partem
450 2103 538 2173 urbis,
562 2121 652 2164 coma
675 2103 789 2179 signum
811 2103 890 2172 dare,
903 2113 937 2160 ut
960 2113 1075 2164 ceterae

159 2177 262 2255 copiae
285 2179 525 2242 admoverentur:
543 2193 644 2259 parata
663 2180 759 2239 omnia
771 2191 858 2257 etque
874 2183 1014 2238 instructa
1027 2201 1074 2240 se·

160 2275 193 2318 se
213 2255 388 2316 habiturum.
429 2256 474 2316 Ea
492 2259 613 2335 impigre
625 2258 721 2320 factas
742 2269 780 2324 et,
795 2258 872 2334 quod
884 2257 1074 2333 impedimen·

160 2343 223 2394 urm
243 2335 395 2411 agentibus
416 2335 478 2394 fore
490 2335 651 2404 videbatur,
664 2336 694 2394 id
717 2334 841 2396 manne
864 2333 902 2392 ad
916 2333 1072 2396 fallendum

159 2411 279 2491 adjuvit.
302 2411 402 2483 imber,
424 2414 462 2472 ab
483 2423 570 2474 nocte
591 2412 687 2472 medie
707 2425 833 2480 coortus,
854 2412 989 2472 custodes
1003 2415 1074 2492 vigi·

161 2492 269 2570 lesque,
283 2491 407 2569 dilapsos
421 2513 438 2551 e
451 2492 631 2560 stationibus,
646 2489 799 2566 subfugere
819 2491 849 2550 in
863 2501 941 2552 tecta
956 2493 1073 2566 eosgits
1175 2511 1176 2520 ³

161 2573 314 2648 sonituque
327 2570 418 2647 primb
432 2570 559 2646 largioris
573 2567 715 2648 proceilse
729 2568 881 2646 strepitum
893 2567 1073 2632 molientium

160 2658 275 2780 pprtpm
296 2649 424 2786 errautipri
444 2647 607 2727 prohibuit;
636 2647 739 2786 leprttiot
752 2646 857 2782 dehinde
870 2645 1072 2788 aequaliorqqp

197 2741 222 2779 ci
244 2743 296 2782 ens
321 2746 382 2786 auri
406 2746 447 2792 us,
474 2745 504 2784 m
543 2745 609 2786 narn
707 2744 753 2786 em
799 2743 928 2785 ominum
960 2743 993 2784 so
1013 2745 1049 2785 rvr

160 2795 319 2874 Postquam
342 2815 454 2878 portam
476 2745 827 2870 teirgueruntpcornicines,
840 2803 869 2858 in
889 2801 935 2866 vie
953 2747 1072 2875 peiibus

160 2874 314 2934 intervallis
334 2879 496 2953 dispositos,
511 2891 615 2940 cenem
633 2879 746 2953 jubent,
767 2889 799 2936 ut
822 2877 970 2945 consulem
991 2881 1072 2942 exeis

160 2963 235 3018 rent.
282 2952 318 3010 1u
342 2953 391 3010 ubi
414 2953 524 3016 factarrn
546 2972 585 3010 ex
607 2953 770 3028 composito
790 2965 843 3020 est,
868 2953 950 3029 signs
977 2957 1071 3021 efferri

160 3028 259 3092 eonsul
272 3029 363 3108 jubet,
379 3047 413 3088 sc
434 3031 520 3108 paruo
531 3039 601 3090 ante
615 3028 710 3090 lucem
733 3048 784 3108 per
798 3029 944 3094 'effractam
958 3047 1070 3113 portam

161 3110 262 3168 arbem
276 3108 441 3185 ingreditur.

199 3185 326 3244 XLVll.
364 3187 439 3246 Tusa
461 3185 578 3248 demum
597 3184 697 3253 hostes
718 3187 835 3249 excitati
852 3203 934 3258 sunt,
956 3193 1016 3268 jam
1039 3205 1069 3256 et

161 3265 252 3340 imbre
265 3267 497 3344 conquiescente,
512 3278 547 3333 et¹
555 3265 715 3346 propinqui
727 3266 802 3330 luce.
843 3267 1019 3329 Praesidium
1039 3271 1069 3328 in

109 3350 115 3358 '
160 3345 232 3403 urbe
246 3354 307 3402 erat
332 3344 511 3411 Hannibalis,
526 3345 651 3422 quinque
675 3344 761 3404 millia
774 3344 864 3412 ferme
876 3358 1068 3414 ermatomma

86 3428 93 3480 ’,
157 3431 190 3475 et
202 3421 256 3496 ipsi
271 3422 373 3503 Arpini
387 3424 440 3484 tria
459 3423 547 3481 millia
561 3423 708 3482 hominum
720 3426 881 3488 armabant.
895 3443 943 3484 eos
963 3425 1068 3502 primos

158 3491 261 3586 insui,
275 3520 313 3564 ne
327 3502 395 3582 quid
408 3504 445 3564 ab
458 3514 540 3582 tergo
553 3501 659 3562 itandis
672 3514 759 3578 esset,
773 3501 849 3567 hosti
865 3514 1067 3591 opposuerunt,
1118 3547 1124 3554 .
