2534 4010
443 311 607 374 LIBER
639 309 720 370 xxt'.
998 317 1037 374 45

156 463 256 526 ·Llll.
295 468 453 528 Caranus«
480 471 586 530 nemini
613 468 741 528 omnium
764 467 854 544 major
871 461 1038 541 justiorque,

135 551 219 632 quam
239 545 290 623 ipsi
311 547 430 615 consuli,
454 548 551 606 videri.
573 541 678 623 gaudio
703 543 803 611 efferri,
828 545 885 622 quai
899 551 980 620 parte
994 560 1041 600 cm

135 640 252 696 pratum¹
265 624 338 684 alter
361 624 462 684 consul
484 623 678 690 victualem,
703 623 740 680 etl
766 642 797 682 se
823 621 933 681 vicisse.
960 620 1042 678 resti·

132 711 210 757 tutos
224 720 259 760 ac
273 703 397 762 refectos
411 701 549 760 militibus
572 703 690 766 animos,
714 719 768 758 nec
782 719 952 778 quemquam
968 717 1041 768 esse,

95 829 97 835 ,
131 790 245 852 praeter
259 780 408 856 collegam,
424 777 472 856 qui
486 778 603 836 dilatam
618 778 826 838 dimicationem
837 779 939 838 vellet:
963 795 1041 846 eum,

132 856 228 914 animo
252 858 353 934 magis,
378 876 463 932 quam
485 875 613 933 corpore,
638 873 763 930 aegrum,
785 856 923 916 memorial
942 856 1041 914 vulne·

130 932 170 990 ris
184 933 277 990 aciem
287 953 323 992 ac
336 936 394 994 tela
407 935 530 994 hortere.
572 929 699 992 sednon
720 953 782 993 esse
794 953 869 993 ‘cum
889 953 976 1010 aegro
997 953 1041 992 se·

133 1009 322 1070 nascendum.
361 1013 438 1078 Quid
451 1013 525 1072 enim
541 1013 615 1070 ultra
635 1009 740 1069 differri
760 1023 810 1068 aut
829 1013 881 1070 teri
904 1012 1042 1089 tempus?

135 1089 231 1151 Quem
258 1091 385 1148 tertium
400 1090 557 1158 consulem,
585 1108 670 1167 quem
694 1089 782 1146 alium
809 1089 966 1147 exercitum
993 1109 1042 1146 ex·

134 1166 280 1242 spectari?
320 1169 424 1228 Castra
436 1167 718 1246 Karthaginiensium
732 1167 761 1224 in
784 1165 875 1232 ltalia,
901 1184 936 1222 ac
955 1185 1043 1242 prope

133 1243 162 1299 in
185 1247 345 1321 conspectu
364 1246 452 1314 urbis,
476 1265 550 1304 esse.
575 1266 633 1304 non
656 1245 783 1312 Siciliam
814 1262 849 1302 ac
875 1238 1066 1308 Sardiniam

134 1321 216 1380 victis
234 1324 393 1401 ademptas,
415 1343 470 1382 nee
492 1323 533 1382 cis
553 1323 669 1382 Iberum
695 1322 866 1400 Hispaniam
910 1319 967 1387 eti;
994 1321 1044 1378 sed

134 1399 196 1457 solo
210 1402 301 1476 patrio
315 1403 456 1479 terraique,
477 1401 505 1458 in
527 1419 584 1478 qua
606 1401 695 1478 geniti
716 1399 820 1468 forent,
844 1341 911 1478 petll
936 1397 1044 1457 Roma·

135 1494 196 1534 nos.
237 1481 416 1544 “Quantum
437 1479 651 1556 ingemiscant‚”
671 1478 773 1555 inquit,
798 1489 926 1556 “patres
944 1477 1042 1545 nostri,

101 1589 107 1606 ι
132 1559 153 1594 ’“
169 1555 244 1616 circa
258 1557 371 1616 moenia
385 1558 571 1634 Karthaginis
592 1558 699 1614 bellare
717 1556 800 1624 soliti,
815 1557 838 1613 si
852 1555 966 1614 videant
980 1574 1043 1622 nos,

134 1643 153 1670 ‘⁶
167 1636 332 1710 progeniem
344 1655 436 1703 snam,
458 1635 530 1692 duos
552 1635 684 1692 consules
705 1634 922 1709 consularesque
936 1633 1044 1691 exerci-
1118 1630 1125 1638 '

136 1720 154 1748 ‘⁸
168 1723 225 1778 tus,
246 1711 275 1767 in
289 1712 384 1770 media
409 1711 492 1770 ltalia
512 1724 650 1788 paventes
671 1713 745 1768 intra
769 1723 879 1780 castra;
903 1713 1042 1778 Poenum,

136 1797 155 1824 “
169 1788 246 1864 quod
259 1789 332 1847 inter
343 1791 435 1866 Alpes
450 1790 694 1867 Apenninumque
708 1789 769 1866 agri
783 1790 827 1856 sit,
842 1808 911 1846 suae
930 1788 1045 1846 ditionis

134 1875 153 1904 ⁴‘
167 1867 292 1924 fecisse?
332 1868 418 1926 Haec
427 1868 555 1926 assidens
564 1871 651 1942 aegro
660 1867 798 1942 collegae,
810 1867 883 1924 baec
894 1867 922 1922 ia
934 1877 1045 1942 praeto·

132 1943 175 2000 rio
197 1963 287 2022 prope
311 1945 565 2004 condonabundus
587 1963 681 2022 agere.
723 1945 897 2003 Stimulabat
919 1956 948 2001 et
973 1955 1046 2000 tem·

125 2039 190 2096 pus
214 2024 403 2100 propinquum
425 2024 614 2092 comitiorum,
639 2043 675 2082 ne
690 2023 717 2080 in
732 2042 821 2082 novos
835 2022 969 2081 consules
984 2021 1045 2080 bel

134 2097 196 2154 lum
215 2099 383 2168 differretur,
404 2113 433 2162 et
447 2100 559 2158 occasio
573 2103 602 2156 in
616 2119 647 2158 se
667 2119 756 2158 unum
778 2100 934 2160 vertendae
957 2099 1044 2175 glori·

134 2193 180 2244 ae,
202 2176 270 2233 dum
293 2196 378 2252 aeger
399 2179 510 2254 collega
532 2189 617 2236 erat..
643 2178 754 2252 Itaque,
776 2178 966 2255 nequicquam
988 2175 1045 2233 dls-

90 2323 95 2328 ¹
134 2253 276 2314 sentiente
300 2256 444 2324 Cornelio,
466 2255 558 2332 parari
571 2256 611 2314 ad
622 2255 810 2334 propinquum
832 2268 976 2313 certamen
991 2253 1044 2311 mi-

133 2332 199 2390 lites
209 2335 301 2409 jubet.
343 2335 499 2403 Hannibal,
515 2353 612 2412 quum,
634 2333 703 2411 quid
722 2333 861 2410 optimum
881 2333 955 2390 foret
977 2333 1043 2390 hos·

134 2410 166 2478 ti,
181 2423 318 2481 cerneret,
333 2413 381 2471 vix
395 2413 482 2476 ullam
496 2433 577 2489 spem
591 2413 727 2479 habebat,
752 2422 860 2469 temere
884 2423 971 2488 atque
991 2411 1044 2496 im7

134 2489 250 2564 provide
272 2491 423 2568 quicquam
447 2491 579 2550 consules
600 2503 733 2550 acturos:
755 2507 842 2566 quum
865 2489 981 2546 alterius
1002 2487 1044 2544 in·

133 2565 259 2640 genium,
285 2567 362 2626 fama
383 2569 461 2645 prius
485 2569 589 2626 deinde
612 2588 643 2626 re
664 2568 821 2644 cognitum,
844 2565 986 2642 percitum
1010 2581 1044 2621 ac

131 2645 217 2702 ferox
248 2645 333 2704 sciret
360 2665 432 2715 csse,
464 2647 643 2723 ferociusque
675 2645 784 2702 facturn
815 2659 951 2718 prospero
978 2659 1044 2698 curn

134 2721 354 2795 praedatoribus
367 2723 425 2778 suis
439 2723 593 2782 certamine
608 2723 756 2787 crederet;
777 2719 879 2776 adesse
902 2719 1044 2794 gerendae

134 2797 177 2854 rei
190 2796 333 2856 fortunam
354 2798 432 2856 haud
453 2799 608 2856 diffidebat.
631 2801 713 2875 cujus
727 2817 764 2856 ne
778 2795 853 2874 quud
868 2797 1043 2874 praetermit-

135 2886 210 2934 teret
224 2887 347 2954 tempus,
361 2877 498 2936 sollicitus
511 2877 695 2955 intentusque
715 2887 785 2944 erat,
808 2875 876 2933 dum
900 2876 954 2934 tiro
977 2877 1043 2936 hos·

134 2955 206 3011 tium
231 2967 307 3014 esset
330 2955 421 3025 miles,
446 2956 515 3014 dum
540 2955 685 3015 meliorem
711 2974 746 3013 ex
769 2953 890 3013 ducibus
912 2953 1041 3013 inutilem
1105 3023 1107 3027 ¹

134 3032 237 3090 vulnus
255 3034 371 3102 faceret,
393 3034 461 3093 dum
477 3034 626 3094 Gallorum
648 3034 735 3092 animi
756 3031 900 3110 v'igetent3
921 3051 1042 3110 quorum

133 3111 280 3185 ingentem
313 3112 525 3170 multitudinem
565 3113 674 3170 sciebat
713 3111 828 3188 segnius
868 3126 1041 3177 secuturam,

135 3201 241 3263 quanto
262 3189 374 3266 longius
396 3191 433 3246 ab
454 3190 539 3247 domo
563 3191 750 3248 traherentur.
791 3191 889 3254 Quum
909 3190 947 3246 ob
968 3190 1041 3246 haec

135 3263 260 3340 taliaque
286 3269 413 3344 'speraret
439 3268 628 3344 propinquum
656 3279 809 3333 certamen,
832 3278 863 3325 et
881 3264 988 3332 lacere,
1017 3264 1040 3319 si

134 3354 302 3414 cessaretur,
330 3354 457 3421 cuperet,
482 3345 734 3424 speculatoresque
758 3344 845 3412 Galli,
872 3344 908 3400 ad
933 3359 968 3397 ea
991 3357 1055 3394 exa

133 3420 282 3500 ploranda,
307 3441 379 3498 quae
393 3423 487 3490 vellet,
509 3423 636 3492 tutiores,
656 3424 724 3500 quia
743 3423 770 3479 in
792 3420 919 3494 utrisque
938 3414 1041 3500 ’castris

134 3498 306 3566 militabant,
329 3512 443 3574 paratos
467 3501 580 3577 pugnae
599 3521 667 3559 esse
689 3501 836 3581 Romanos
862 3487 1041 3553 retuhssentt

134 3579 231 3638 locunt
244 3576 352 3638 insidiis
363 3579 600 3657 circumspectare
614 3579 729 3638 Poenus
743 3580 847 3644 coeptt·
898 3611 900 3616 .
999 3618 1000 3621 ,
1026 3591 1030 3617 1
