2534 4010
93 208 98 216 ’
200 243 240 304 m
512 207 781 299 ssranrvrr

203 397 307 464 ienet3
327 392 519 471 magistroque
531 387 670 472 equitum,
681 394 772 472 'quod
782 401 881 452 eontra
899 385 1011 454 dioturn
1024 407 1108 456 suum

204 474 371 552 pugnasset,
386 472 525 530 rationem
538 471 647 532 diceret
659 472 832 532 reddendam
847 489 919 536 esse.
974 473 1005 532 Si
1019 487 1108 552 penes

204 567 361 610 ae‘summa
374 547 484 626 imperii
497 549 664 627 consiliique
685 551 730 618 sit,
745 549 908 628 propediem
924 550 1108 620 effecturum,

109 703 113 706 -
204 626 497 696 utacianthomines,
522 628 599 685 bono
622 627 786 705 imperatori
809 628 886 686 haud
910 621 1108 704 maaniibrtu·

203 721 271 772 nam
286 705 423 762 momenti
436 723 515 772 esse;
535 716 661 763 mentem
674 706 870 782 rationemque
879 706 1026 764 dominari.
1069 707 1107 765 ae

204 787 233 842 in
248 796 376 860 ternpore
389 792 419 839 et
432 781 494 839 sine
509 782 664 860 ignominia
683 785 810 841 servisse
831 784 999 853 exereitum,
1021 801 1107 862 quam

204 861 297 920 multa
310 859 396 927 millia
418 858 544 917 hostium
568 861 715 929 occidisse,
740 860 877 926 ma‘orem
902 861 1021 939 gloriam
1035 881 1107 920 esse.

206 939 304 1017 Hujus
327 937 637 1013 generianrationibus
657 939 762 1014 frustra
785 879 900 1009 dabitis,
918 953 964 998 ·et
990 939 1107 1000 consule

206 1029 303 1074 creato
318 1015 362 1073 M.
385 1014 476 1072 Atilio
501 1015 624 1090 Regulo,
648 1033 685 1072 ne
706 1032 840 1092 praesens
854 1017 891 1075 de
912 1021 977 1094 jure
997 1015 1107 1093 imperti

206 1095 363 1162 dimicaret,
377 1092 467 1169 pridie
480 1109 565 1168 quam
579 1093 735 1169 rogationis
746 1093 881 1152 ferendae
901 1095 962 1152 dies
983 1093 1106 1162 adesset,

205 1183 292 1231 nocte
304 1171 342 1228 ad
350 1169 512 1228 exercitum
526 1169 605 1226 abiit.
628 1169 727 1235 ¹Lude
740 1173 812 1240 ortd,
833 1191 920 1249 quum
933 1171 1025 1248 plebis
1039 1189 1108 1228 con·

206 1249 302 1307 tilium
316 1258 411 1315 esset,
434 1247 636 1322 magis'tacita
657 1248 762 1306 invidia
787 1249 943 1318 dictatoris,
973 1247 1108 1325 favorque

206 1325 333 1401 magistri
347 1323 475 1400 equitum
489 1324 599 1382 animos
611 1327 751 1394 versabat,
773 1345 859 1402 quam
873 1328 941 1386 satis
962 1327 1108 1384 audebant

203 1403 334 1468 homines
347 1401 384 1459 ad
398 1400 585 1472 suadendum,
609 1402 687 1480 quod
708 1403 793 1478 vulgo
813 1405 956 1480 placebat,
978 1404 1108 1480 prodirer

106 1481 111 1493 “
206 1492 244 1548 et,
258 1479 355 1538 favore
367 1489 530 1556 superante,
552 1481 706 1539 auctoritas
727 1492 823 1538 tamen
846 1481 986 1556 rogationi
1000 1481 1108 1538 deerat.

208 1555 292 1618 Unus
305 1558 436 1616 inventus
450 1570 494 1616 est
508 1577 607 1617 suasor
619 1559 700 1636 legis,
725 1560 759 1618 C.
773 1559 924 1618 Terentius
938 1558 1038 1626 Varro,
1060 1557 1108 1634 qui

106 1673 108 1679 ·
182 1636 299 1714 ‘priore
313 1655 388 1694 anno
400 1647 517 1712 praetor
529 1635 630 1706 fuerat,
646 1638 712 1696 loco
736 1657 794 1695 non
817 1633 916 1696 humili
936 1629 1037 1701 solum,
1057 1634 1108 1692 sed

206 1715 293 1774 etiam
303 1715 430 1782 sordido,
439 1724 532 1771 ortus·
541 1724 661 1800 ¹patrem
670 1714 776 1768 lanium
790 1713 878 1769 fuisse
890 1715 993 1780 ferunt,
1016 1712 1107 1788 ipsum

206 1794 366 1852 institorem
379 1790 499 1856 mercis;
518 1789 633 1863 filioque
647 1788 703 1844 hoc
716 1788 778 1864 ipso
791 1788 820 1842 in
835 1788 946 1846 servilia
964 1791 1026 1864 ejus
1040 1789 1109 1846 artis

206 1871 362 1941 ministeria
374 1883 466 1925 usum.
902 1899 904 1906 =

205 1973 210 1982 ·
244 1944 357 2000 XXVI.
375 1943 406 1999 Is
417 1939 538 2016 juvenis,
552 1939 603 1998 ubi
624 1958 661 1999 en
682 1961 717 2004 eo
740 1939 845 2020 'genere
866 1945 1002 2021 quaestus
1022 1961 1109 2020 pecu·

206 2022 262 2090 nia,
275 2038 295 2076 a
307 2031 388 2096 patre
414 2016 514 2076 relicta
540 2019 651 2078 animos
672 2022 710 2079 ad
732 2041 813 2100 spem
836 2023 1003 2082 liberalioris
1020 2022 1109 2080 forta·

205 2117 262 2158 nae
272 2097 350 2166 fecit,
359 2108 489 2174 togaque
503 2110 532 2156 et
545 2097 638 2156 forum
658 2100 802 2176 placuere,
826 2102 1030 2178 proclamando
1058 2109 1109 2177 pro

204 2174 328 2233 sordidis
353 2173 517 2234 hominibus
544 2177 693 2252 causisque
714 2179 849 2236 adversus
869 2197 930 2235 rem
953 2190 983 2236 et
1003 2179 1110 2244 famant

207 2255 358 2323 bonorum,
379 2254 502 2330 primurn
516 2254 544 2309 in
559 2253 690 2310 notitiam
713 2256 821 2331 populi,
842 2253 947 2310 deinde
961 2255 998 2311 ad
1018 2245 1110 2309 ironol

203 2347 263 2398 sea,
275 2332 413 2406 peruenit,
428 2331 581 2405 quaestura
593 2349 708 2408 quoque
731 2343 761 2389 et
774 2331 886 2388 duabus
906 2329 1109 2400 aedilitatibus,

204 2407 320 2486 plebeii
333 2420 363 2466 et
375 2407 475 2476 curuli,
490 2419 633 2484 postremo
657 2420 687 2465 et
710 2410 843 2485 praetura
856 2409 1031 2485 perfunctas,
1044 2411 1110 2485 ¹jam

202 2487 247 2546 ¹ad
260 2485 425 2544 consulatus
439 2501 519 2563 spem
530 2502 618 2562 quum
627 2486 774 2545 attolleret
785 2487 904 2554 animos,
919 2487 996 2546 haud
1010 2494 1111 2562 parurn

205 2565 311 2630 mllide
324 2578 421 2622 altram
435 2563 543 2621 favoris·
560 2564 704 2646 popularis
718 2583 755 2624 ex
767 2565 919 2642 dictatoria
938 2565 1042 2622 invidia
1060 2574 1125 2640 pet„

208 2644 267 2708 tiit·
277 2644 398 2720 scitique
411 2639 503 2720 plebis
517 2659 592 2699 unus
603 2643 724 2718 gratiam
737 2643 825 2702 tulit.=
853 2643 962 2702 Omnes
982 2659 1046 2701 earu
1066 2659 1111 2698 ro·

206 2719 362 2792 gualonem,
387 2722 491 2797 quique
516 2720 791 2800 Romae-quiquein
805 2722 932 2779 exercitu
952 2731 1043 2794 erant,
1064 2736 1137 2776 aer

204 2790 257 2870 ‘qui
272 2805 360 2870 atque
380 2797 479 2871 iniqui,
502 2811 617 2872 praeter
638 2798 733 2872 ipsum
757 2799 934 2863 dictatorem,
958 2797 987 2851 in
1011 2808 1112 2852 contu·

207 2870 322 2936 melium
334 2873 398 2946 ejus
421 2870 518 2928 lutam.
532 2885 714 2944 acceperunt.
734 2874 805 2947 ipse,
830 2875 886 2946 qud
899 2872 1038 2946 gravitate
1047 2874 1113 2928 ‹ani-

129 3003 139 3017 s
204 2947 488 3006 'rai-*criminantusse
502 2947 538 3003 ad
552 2945 763 3004 multitudinem
786 2947 916 3005 inimicos
929 2947 1042 3015 tulerat,
1064 2950 1113 3008 ed·

142 3059 146 3066 »
208 3025 320 3090 dunat
333 3024 431 3102 populi
444 3024 476 3080 in
487 3042 520 3082 se
533 3023 684 3082 saevientis
706 3023 837 3101 injuriam
860 3025 942 3082 tulitr
960 3022 1114 3102 ⁴acceptis-

207 3120 267 3181 μ
280 3101 386 3180 inipso
398 3101 499 3159 itinere
513 3101 734 3161 literissenatus
748 3102 868 3161 consulti
879 3098 916 3160 de
928 3113 1051 3180 aequato
1061 3105 1113 3160 iun

205 3180 299 3260 perio,
324 3179 393 3246 satis
415 3179 507 3238 fidens
527 3179 748 3260 haudquaquam
772 3197 838 3240 curn
853 3182 962 3258 imperii
983 3185 1048 3258 jure
1066 3197 1112 3238 ar·
1148 3183 1157 3190 '

207 3274 270 3318 tarn
283 3255 440 3336 imperandi
455 3271 618 3335 aequatam,-
630 3274 754 3337 cumque
767 3259 872 3316 invicto
885 3277 902 3316 a
916 3259 1025 3317 ciuiuus
1048 3259 1114 3316 hos·

210 3336 462 3416 tibusqueanitno,
477 3337 514 3392 ad
527 3336 686 3396 exercitum
699 3337 792 3397 rediit.
865 3374 869 3382 ,

132 3419 137 3426 “
207 3432 211 3453 ²
241 3413 379 3476 xxvii.
394 3413 567 3474 'Mruuctus
582 3433 658 3486 vero,
674 3435 762 3493 quum
782 3419 845 3494 jam*
865 3411 1114 3475 toreumatum

210 3492 536 3555 mntouoetseamdis
549 3494 635 3555 rebus
656 3511 692 3554 ac
714 3494 811 3560 satore
827 3495 917 3575 *vulgi
938 3505 999 3552 tum
1013 3488 1114 3568 urique
