2406 3932
415 257 575 321 sinus
603 255 733 341 xnus
953 255 1015 316 ras

8 451 10 458 >
97 408 326 475 ,missnensem
346 413 376 472 in
397 413 533 490 Apuliam
552 415 680 493 legiones
695 431 789 492 quum
808 371 947 478 austeet,
969 407 1015 466 M·

108 485 254 552 Valerium
275 492 343 551 iude
363 503 529 570 :praetorem
554 493 748 561 Brundisium,
772 507 839 550 cum
861 504 905 556 co,
929 503 1016 565 qam

107 563 249 628 Luceriae
268 563 419 638 hemeras,
440 571 578 637 eneruitu,
595 570 692 634 misire
711 569 841 648 tuerique
854 583 935 626 oratu
953 563 1015 640 egri

110 642 268 716 Sallentini,
288 657 320 707 st
338 647 496 726 providere,
518 647 595 724 quud
609 647 651 705 ad
671 647 835 726 Philippum
848 643 1015 722 belismum
1044 701 1045 706 ,

102 719 332 784 Macedonicum
345 725 490 794 attineret,
508 725 603 804 jussit.
641 723 730 782 Exitu
744 725 860 790 aestatis
873 725 945 802 ejus,
958 721 1017 799 qua

107 798 181 860 haec
194 815 277 878 gesta
290 803 514 881 perscripsimus,
529 803 630 862 literae
643 820 660 862 e
673 799 708 859 Ρ..
721 815 750 862 st
765 804 818 862 Cn.
834 799 1015 879 Scipionibus

103 891 258 949 venerunt,
279 892 400 959 quantes
419 897 733 960 quamqueprosperas
753 881 781 938 in
806 879 947 958 Hispania
969 895 1015 938 res

104 957 272 1031 gessissent.
291 959 343 1018 ssd
362 960 513 1038 pecuniam
531 959 562 1017 in
582 958 770 1038 stipendium,
790 957 1015 1034 vestmemsqrn

99 1033 324 1095 estrumentum
335 1038 483 1106 exercitui,
493 1050 524 1097 et
532 1037 618 1096 suciis
628 1036 777 1095 casulibus
787 1034 893 1102 omnia,
906 1032 1016 1095 deese.

109 1112 196 1177 Quod
213 1114 254 1172 sd
274 1116 448 1193 stipendium
469 1116 600 1185 ettinaat,
625 1115 808 1174 sinensium
828 1112 1016 1247 ἰποῖἷωοξ,

104 1207 140 1248 se
163 1191 286 1270 eliquans
308 1195 447 1253 rationem
470 1194 600 1264 inituros,
621 1213 680 1271 quo
709 1193 796 1251 modo
818 1191 857 1250 ab
912 1205 1017 1266 ispanus

14 1279 18 1288 '
99 1282 234 1349 mursano
246 1282 342 1330 cetera
357 1273 454 1350 utique
467 1274 505 1332 ab
521 1271 770 1332 Romamitteuda
789 1288 872 1329 esse:
890 1285 948 1326 nse
968 1265 1018 1326 si·

104 1358 153 1436 ter
164 1356 217 1437 aut
231 1351 387 1410 exercitum
407 1364 458 1410 aut
477 1351 652 1443 provinciam
670 1349 785 1410 retineri
800 1366 899 1427 posse.
919 1343 1019 1436 dits·

106 1441 146 1481 ms
160 1428 294 1498 murtetis,
308 1447 394 1488 nemo
405 1447 534 1488 nmmum
549 1442 619 1497 emt,
638 1427 718 1505 quin,
742 1439 772 1486 et
791 1443 859 1486 vers
871 1424 967 1490 smbt,
987 1435 1019 1484 st

71 1557 75 1563 .
106 1503 244 1578 postulari
258 1523 359 1583 aequa,
372 1506 528 1566 tereretur:
548 1503 907 1571 ssduccumebatanimis,
929 1515 1019 1578 qaum

107 1589 154 1638 tos
166 1583 310 1640 exerentis
324 1583 473 1640 tersurus
486 1582 659 1659 navalesque
676 1592 833 1646 tuerentur,
854 1590 1019 1658 qnantsqm

103 1673 183 1714 noua
196 1658 298 1717 classis
310 1677 378 1716 mox
389 1659 516 1736 paranda
529 1669 615 1728 esset,
630 1658 653 1716 si
665 1658 775 1716 beilum
795 1656 1018 1716 Mecedonicum

106 1747 279 1796 moneretur.
326 1736 458 1796 =Siciiism
478 1755 514 1796 sc
536 1736 705 1805 Sardiniam,
727 1753 801 1814 quae
820 1745 888 1793 ante
907 1734 1017 1796 betium

106 1813 263 1890 uectigales
283 1814 414 1885 minent,
435 1815 481 1873 sin
502 1814 648 1893 praesides
674 1813 882 1891 provinciarum
910 1812 1019 1872 exerm-

101 1900 156 1948 tus
183 1891 278 1950 aleret
300 1894 414 1952 tributo
439 1905 571 1971 sumptus
595 1891 782 1972 suppeditari.
809 1909 897 1971 quum
919 1889 1017 1968 ipsunt

96 1968 246 2030 tributum
260 1970 468 2030 conferentium
480 1989 631 2029 numerum
651 1971 739 2030 tantis
752 1970 930 2030 exarcituum
942 1978 1017 2028 stra·

107 2045 203 2122 gibus,
217 2058 247 2107 st
260 2048 298 2104 sd
312 2045 510 2106 Trasimenum
525 2049 629 2116 lecum,
642 2062 674 2108 ct
687 2051 724 2107 ad
739 2051 863 2119 Cannas,
882 2047 1018 2108 imminu·

7 2143 8 2152 ¹
108 2136 192 2192 tnm;
216 2136 289 2193 tum,
309 2125 357 2203 qui
376 2137 559 2203 superessent
581 2126 675 2203 pauci,
700 2127 724 2184 si
747 2127 896 2204 muitipiici
916 2143 1017 2204 grass·

109 2213 208 2260 rentur
225 2201 379 2280 stipendio,
398 2203 456 2262 eiii
477 2203 616 2280 periturus
629 2214 721 2282 peste.
753 2204 805 2262 'Ita
826 2221 872 2272 ue,
892 2204 945 2262 nisi
959 2201 1018 2263 tide
1123 2272 1128 2280 ι

7 2321 22 2354 1-
109 2289 198 2338 staret
219 2281 389 2359 respublica,
417 2282 521 2360 opibus
544 2299 601 2340 nou
625 2295 773 2341 statmam.
834 2315 836 2326 ·
870 2280 1018 2340 denudum

109 2357 139 2418 in
163 2359 333 2418 concionem
358 2360 458 2419 Fulvio
478 2360 602 2438 prestari
624 2379 697 2428 esse,
721 2359 888 2418 indicandas
911 2359 1019 2438 popuio

105 2435 240 2512 publices
259 2438 455 2508 necessitates,
478 2439 737 2516 cohortandosque,
760 2437 808 2516 qui
827 2436 1019 2513 redempturis

107 2513 255 2573 ausissent
269 2515 447 2592 patrimonia,
467 2527 501 2574 ut
516 2517 703 2594 reipublicae,
724 2533 762 2574 ex
781 2533 839 2593 qua
852 2515 1018 2583 crevissent,

104 2591 273 2670 adtempus
287 2593 520 2652 commodarem:
538 2593 791 2670 conducerentque
811 2593 847 2651 ed
858 2590 923 2666 legs
936 2603 1019 2666 prse-

109 2669 217 2736 benda,
239 2687 314 2746 quae
334 2669 371 2727 ad
392 2669 549 2732 exercitum
571 2671 794 2747 Hispaniensem
818 2685 891 2744 opus
913 2679 1019 2739 essent,

107 2757 150 2816 ut,
160 2765 249 2825 quum
263 2748 427 2826 pecuniario
440 2748 548 2807 aerario
568 2757 654 2816 esset,
678 2747 712 2804 iis
735 2745 831 2824 primis
852 2743 1017 2806 solveretur.

110 2824 196 2886 Haec
215 2838 330 2904 praetor
349 2825 378 2884 in
399 2827 539 2886 concione
560 2824 659 2895 edixit,
687 2826 744 2902 qui
769 2823 815 2882 die
837 2823 1017 2898 vestimentu,

108 2901 292 2974 frumentum,
320 2903 506 2982 Hispaniensi
532 2903 671 2962 exercitui
694 2901 867 2979 praebenda,
888 2921 1018 2982 quaeque

109 2979 165 3039 alia
179 3001 250 3061 opus
264 2993 361 3043 essent
373 2982 523 3042 navalibus
535 2982 629 3050 sociis,
644 2993 719 3040 esset
733 2981 887 3039 locaturus.

149 3058 257 3119 XLIX.
300 3061 362 3121 Uar
377 3079 412 3118 en
425 3061 486 3119 dies
507 3061 592 3127 venit,
613 3059 651 3117 od
665 3059 884 3118 conducendum
899 3069 957 3116 tres
971 3075 1017 3116 so·

109 3134 229 3194 uietates
242 3140 360 3198 aderant
373 3137 521 3198 hominum
542 3135 727 3214 undeviginti,
744 3155 864 3214 quorum
879 3135 938 3193 duo
951 3153 1017 3213 poa·

109 3211 202 3274 tulata
214 3213 312 3274 fuere:
332 3235 430 3283 unum,
445 3224 478 3274 ut
492 3214 592 3275 miiitisi
607 3226 747 3283 vacarent,
762 3215 830 3273 dum
851 3214 879 3270 in
895 3231 930 3272 eo
943 3215 1017 3290 pub·

7 3301 8 3334 i
109 3291 167 3350 lico
181 3302 277 3349 essent
288 3315 296 3360 ;
308 3292 438 3361 aiterum,
460 3303 501 3359 nt,
523 3309 596 3370 qnae
610 3293 638 3350 in
652 3311 739 3352 neves
752 3289 963 3370 imposuissent,
977 3291 1016 3348 ab

109 3369 235 3427 hostium
249 3371 485 3448 tempestatisque
498 3369 524 3426 vi
545 3369 660 3446 publico
680 3370 806 3448 periculo
829 3377 933 3426 essent.
975 3365 1017 3425 U·

108 3457 120 3506 t
174 3448 268 3506 usim
290 3457 391 3514 etrsto,
412 3447 620 3514 conduxerunt,
641 3449 807 3525 privatique
819 3441 944 3520 pectinis
957 3461 1016 3503 res·

109 3521 168 3606 puis
179 3525 256 3590 icas
277 3524 436 3590 ministratu
448 3538 501 3590 cst.
541 3525 586 3590 Hi
604 3541 707 3594 mores,
732 3539 823 3602 eaque
842 3517 945 3579 coritas
964 3539 1016 3602 pe.
