2406 3932
185 199 243 258 194
538 169 735 250 ntrvr1
782 273 793 296 ο

228 345 354 407 XXVII.
379 345 565 406 'Sraru'ros
590 355 634 406 est
654 345 778 406 comitiis
800 344 878 407 dies:
895 365 966 426 quo,
980 348 1097 430 necopi-

188 427 325 486 nantibus
344 424 485 493 omnibus,
499 443 573 482 unus
586 443 624 482 ex
645 424 746 482 ultima
768 425 851 483 turba
871 425 1032 504 Epicydem
1046 449 1097 488 no·

189 503 315 571 minavit,
330 513 392 560 tum
411 501 478 560 inde
492 501 564 559 alius
584 502 801 578 Hippocratem.
814 503 970 564 crebriores
991 506 1096 566 deinde

188 601 241 642 eae
252 599 348 649 rocas,
363 591 392 638 et
406 598 472 638 cum
486 579 563 638 haud
577 579 666 637 dubio
679 598 796 638 assensu
809 579 1006 651 multitudinis,
1022 603 1096 642 esse.

189 661 229 718 Et
243 668 303 717 erat
316 657 437 715 confusa
456 657 566 725 concio,
581 677 640 716 non
661 657 789 736 populari
807 657 895 716 modo
908 659 959 718 sed
980 659 1096 720 militari

187 736 409 814 quoque-turba,
423 753 528 812 magna
541 755 578 794 ex
591 748 672 813 parte
686 735 771 794 etiam
789 734 925 813 perfugis,
939 738 986 814 qui
999 739 1097 798 omnia

12 805 13 826 ³
101 885 104 890 .
185 833 291 872 novare
324 813 492 890 cupiebunt‚
519 813 675 890 permixtis.
734 813 886 874 Praetores
920 815 1097 875 dissimulare

12 897 14 922 l

184 891 287 970 primo,
309 903 339 950 et
362 891 503 950 trahendis
524 911 556 950 re
579 909 660 950 esse:
687 901 843 968 postremo,
857 892 925 952 victi
944 912 1095 963 consensu,

187 981 218 1030 et
243 969 414 1028 seditionem
441 979 611 1038 metuentes,
638 969 830 1047 pronunciant
859 989 909 1029 eos
941 984 1095 1048 praetores.

188 1049 253 1108 Nec
266 1047 305 1104 illi
318 1047 410 1125 primo
424 1047 520 1105 statim
539 1046 626 1105 creati
647 1047 767 1115 nudare,
780 1047 849 1126 quid
862 1047 985 1106 vellent:
1006 1068 1096 1126 quan·

186 1145 272 1206 quarn
293 1143 378 1200 aegre
400 1124 539 1192 ferebant,
554 1133 583 1182 et
606 1123 644 1182 de
665 1124 788 1194 induciis
810 1126 919 1185 dierum
933 1125 1033 1184 decem
1054 1127 1096 1186 le·

183 1216 267 1282 gatos
290 1201 346 1259 lsse
370 1201 408 1258 ad
432 1203 491 1278 Ap.
515 1201 678 1273 Claudium,
701 1214 741 1272 et,
761 1203 919 1280 impetratis
943 1203 993 1273 eis,
1013 1203 1094 1275 alios,

183 1279 281 1358 quide
304 1277 419 1335 foedere
440 1278 558 1354 antiquo
578 1281 743 1338 renovando
756 1294 883 1357 agerent,
898 1281 1007 1340 missos.
1034 1284 1098 1356 ,Ad

179 1354 376 1432 Murgantiam
391 1366 452 1412 turn
466 1353 586 1412 classem
608 1355 723 1412 navium
747 1369 865 1416 centum
880 1359 1030 1419 Romanus
1043 1361 1094 1420 ha·

181 1435 281 1502 bebat,
301 1449 425 1510 quonam
450 1431 603 1492 evaderent
624 1444 721 1490 motus
742 1453 780 1492 ex
801 1434 939 1494 caedibus
962 1449 1096 1514 tyranno-

182 1532 245 1572 rum
267 1511 321 1568 orti
345 1509 501 1588 Syracusis,
517 1530 609 1589 quove
623 1530 673 1570 eos
694 1524 793 1588 ageret
813 1531 886 1570 nova
899 1525 986 1590 atque
999 1515 1096 1574 insoli-

184 1602 215 1651 ta
228 1590 354 1656 libertas,
369 1589 528 1667 opperiens.
569 1589 626 1648 Per
649 1591 766 1650 eosdem
779 1589 840 1650 dies
861 1610 950 1668 quum
963 1591 1095 1652 adsMar·

184 1669 299 1738 cellum,
321 1668 482 1728 venientem
506 1668 536 1725 in
559 1667 693 1737 Siciliam,
717 1668 804 1744 legati
825 1669 997 1745 Syracusani
1016 1670 1097 1730 missi
1189 1723 1190 1742 ,

184 1750 223 1808 ab
238 1747 336 1825 Appio
357 1755 461 1814 essent,
475 1744 578 1804 auditis
599 1745 809 1802 conditionibus
822 1747 910 1821 pacis,
925 1745 1096 1818 Marcellus,
1189 1745 1190 1748 ’

183 1845 268 1904 posse
291 1843 351 1882 rem
373 1823 524 1882 convenire
542 1833 633 1896 ratus,
658 1822 767 1898 etipse
788 1821 899 1898 legatos
927 1823 1096 1900 Syracusas,

109 1945 116 1952 »
183 1905 230 1982 qui
252 1921 347 1961 eoram
362 1920 429 1960 curn
448 1899 626 1977 praetoribus
641 1899 677 1958 de
701 1899 864 1958 renovando
887 1899 1003 1961 foedere
1027 1921 1096 1980 age·
1189 1901 1190 1906 '

181 1993 255 2048 rent,
264 1981 348 2039 misit.
389 1977 428 2036 Et
438 1980 498 2056 J'am
512 1978 551 2036 ibi
570 1996 750 2056 nequaquam
764 1978 864 2038 eadem
879 1980 960 2057 qoies
973 1990 1003 2038 et
1016 1991 1094 2042 tran·

183 2059 307 2136 quillitas
333 2067 403 2116 erat.
433 2069 586 2136 postquam
620 2056 759 2116 Punicam
789 2057 909 2116 classem
939 2057 1096 2120 accessisse

182 2136 353 2214 Pachynum
375 2135 493 2194 allatum
517 2146 570 2203 est,
591 2134 689 2194 demto
712 2136 824 2203 timore,
850 2136 1041 2214 Hippocrates
1066 2149 1097 2196 et
1189 2145 1190 2174 ³

181 2214 337 2290 Epicydes,
358 2233 436 2270 nunc
458 2213 534 2289 apud
559 2212 750 2272 mercenarios
775 2213 888 2282 milites,
912 2232 989 2271 nunc
1015 2216 1095 2291 apud
1189 2229 1190 2256 ³

162 2291 351 2366 transfugas,
384 2289 466 2366 prodi
506 2290 637 2347 Romano
672 2291 828 2368 Syracusas
860 2290 1095 2351 criminabantur.

181 2369 224 2430 Ut
238 2386 305 2426 vero
326 2367 440 2444 Appius
453 2385 540 2426 naves
553 2367 591 2424 ad
605 2367 710 2426 ostium
723 2371 832 2445 portus,
846 2388 903 2502 qpo
917 2368 990 2428 aliae
1002 2370 1094 2446 partis
1111 2413 1114 2416 -

181 2445 345 2507 bominibus
359 2444 470 2503 animus
491 2444 651 2514 accederet,
664 2446 694 2502 in
717 2447 840 2506 statione
881 2447 966 2505 abere
986 2447 1093 2523 coepit,

181 2529 282 2604 ingens
293 2517 335 2582 'in
355 2523 480 2602 speciem
492 2545 493 2550 ¹
503 2523 669 2582 criminibus
683 2525 763 2582 vanis
782 2535 942 2595 accesserat
962 2523 1041 2592 fides,
1057 2543 1096 2584 ac

180 2607 274 2736 primo
295 2603 382 2662 etiam
405 2604 580 2662 tumultuose
602 2600 768 2661 decurrerat
793 2603 946 2662 multitudo
966 2600 1004 2660 ad
1026 2621 1095 2680 pro·
1189 2605 1190 2638 l

124 2713 125 2718 κ
203 2681 333 2750 ibendos,
348 2683 371 2745 si
385 2681 414 2739 in
428 2679 533 2741 terram
547 2679 758 2758 egrederentur.

218 2758 363 2818 XXVIII.
403 2759 441 2816 Iu
455 2760 511 2818 hac
524 2757 689 2817 turbatione
709 2777 802 2816 rerum
816 2758 845 2816 in
860 2759 1028 2818 concionem
1042 2778 1095 2820 vo·
1189 2737 1190 2772 ³

181 2835 240 2894 cari
264 2834 381 2910 placuit.
404 2835 463 2903 ubi,
485 2854 571 2910 quum
593 2834 639 2892 alii
659 2834 715 2890 alio
735 2834 895 2902 tenderent,
915 2851 970 2891 nec
989 2838 1093 2908 procul
1189 2851 1190 2870 ³

179 2911 318 2974 seditione
348 2928 393 2968 res
414 2921 501 2977 esset,
522 2908 718 2985 Apollonides,
739 2909 899 2986 principum
918 2928 1005 2982 unus,
1028 2931 1094 2973 ora.

180 2992 288 3052 tionem
303 2987 465 3056 salutarem,
480 2986 554 3045 utin
568 2985 617 3044 tali
631 2995 769 3062 tempore,
783 2985 904 3046 habuit:
925 2986 989 3047 Nec
1010 3009 1092 3068 spem

181 3069 290 3140 salutis,
311 3086 365 3128 nec
391 3066 555 3144 perniciem,
578 3063 740 3142 propiorem
767 3083 892 3141 unquam
914 3066 1020 3126 civitati
1040 3069 1092 3128 ulli

180 3148 277 3208 fuisse.
318 3145 348 3208 Si
361 3145 437 3203 enim
451 3163 509 3203 uno
523 3143 617 3204 animo
638 3161 737 3202 omnes
751 3143 796 3202 rel
816 3143 852 3201 ad
868 3143 1023 3215 Romanos,
1044 3147 1092 3205 vel

182 3227 220 3286 ad
238 3223 507 3302 Karthaginienses,
534 3222 681 3291 inclinent,
706 3221 811 3280 nullius
837 3221 960 3283 civitatis
982 3233 1092 3282 statum

181 3303 398 3364 fomooatiorem
417 3301 611 3362 beatioremve
623 3300 693 3360 fore.
714 3299 737 3360 si
761 3301 808 3359 alii
831 3299 887 3360 alio
905 3301 1019 3362 trahant
1031 3321 1091 3372 res,

181 3401 241 3440 non
266 3383 340 3444 inter
364 3381 477 3442 Poenos
504 3379 708 3456 Romanosque
733 3379 841 3440 bellum
868 3379 990 3439 atrocius
1015 3377 1089 3449 fore,

181 3475 266 3536 quarn
280 3461 355 3524 inter
373 3460 450 3540 ipsos
464 3460 674 3539 Syracusanam
695 3477 783 3536 quum
800 3458 875 3522 intra
894 3457 1007 3520 eosdem
1020 3473 1088 3516 mu·
1189 3507 1190 3524 ,
