2386 3930
315 137 320 153 =
429 191 595 253 LIBER
624 191 721 252 XXV.
977 193 1035 254 26⁵

121 344 315 420 concesserint
337 347 520 422 Heracleam,
544 351 621 420 dein,
644 349 721 430 quod
749 349 925 428 praelectum
949 365 1040 410 suum.

120 417 159 478 ab
181 423 409 511 pbtrectantibus
422 430 544 490 ducibus
564 431 672 508 gloriae
691 432 764 508 ejus,
779 429 832 488 sub
858 429 947 505 ipsam
972 445 1034 486 cer·

120 501 236 559 lammis
259 504 344 574 diem,
368 503 534 586 ablegatum
555 510 679 578 videant,
702 509 849 588 quieturos
872 507 902 565 in
928 527 1035 587 pugna.

121 574 204 639 Gens
216 580 303 641 fallax
317 586 447 659 promissi
461 587 547 646 fidem
562 587 711 664 praestitit.
732 589 828 666 itaquo
844 598 874 646 et
896 587 1036 646 Romania

121 657 210 718 crevit
233 662 354 732 animus,
369 665 474 725 nuncio
488 665 574 725 celeri
597 685 648 744 per
669 665 782 724 ordines
806 665 901 733 misso,
916 665 1036 726 destitu-

50 748 53 752 ’
118 741 183 796 tum
204 739 242 796 ab
265 759 281 798 e
302 738 361 800 uite
381 743 493 804 hostem
514 763 586 814 esse,
609 763 694 822 quem
716 743 839 806 mxime
861 745 1035 806 timuerant:

122 825 153 878 el
176 817 267 875 territi
282 761 395 891 hostes,
416 837 614 902 praeterquam
634 822 711 900 quod
732 821 858 881 maxima
876 838 958 900 parte
972 823 1036 882 viri·

122 911 172 954 um
186 913 301 954 suarum
316 918 374 958 non
385 902 568 978 juvabantur,
582 902 686 960 timore
700 900 794 980 etiam¹
807 899 931 970 incusso,
946 922 984 962 ne
997 904 1034 964 ab

123 987 176 1031 tuo
199 985 230 1032 et
248 975 305 1054 ipsi
326 979 422 1056 equite
441 993 683 1060 oppugnarentur.
725 979 829 1055 ltaque
849 978 926 1038 haud
940 983 1037 1058 magni

122 1052 286 1113 certaminis
308 1055 372 1115 fuit.
395 1058 502 1136 primus
522 1060 631 1118 clamor
650 1071 737 1138 atque
760 1057 885 1134 impetus
905 1077 964 1117 rem
985 1061 1037 1118 de-

123 1131 222 1188 crevit.
263 1131 407 1195 Numidae
420 1157 508 1216 quum
523 1138 551 1195 in
572 1157 714 1198 concursu
729 1134 818 1214 quieti
842 1134 988 1198 stetissent
1008 1137 1038 1197 in

121 1209 268 1279 cornibus,
289 1227 322 1272 ut
340 1207 427 1292 'terga
450 1215 553 1276 dantes
576 1236 644 1276 suos
659 1215 799 1284 viderunt,
820 1213 851 1273 fu
890 1227 1039 1276 stantum

122 1303 276 1366 parumper
298 1292 418 1352 comites
440 1293 519 1364 facti,
538 1309 703 1375 postquam
719 1314 820 1355 omnes
873 1295 1060 1371 grigentum·

124 1365 236 1442 trepido
259 1371 374 1447 agmine
397 1384 528 1452 petentes
543 1373 683 1443 viderunt,
704 1373 757 1451 ipsi
778 1386 858 1433 metu
881 1373 1038 1434 obsidionis

124 1439 229 1522 passim
243 1447 272 1506 in
292 1449 422 1510 civitates
442 1452 587 1529 proximas
609 1451 720 1526 dilapsi.
762 1451 859 1508 Multa
879 1451 967 1509 millia
986 1454 1039 1513 ho·

8 1587 9 1594 ἵ
124 1521 233 1580 minum
247 1545 333 1584 caesa
346 1545 380 1584 ca
402 1539 498 1604 taque,
519 1538 549 1584 et
563 1538 629 1584 octo
643 1527 799 1604 elephanti.
839 1527 924 1586 Haec
939 1528 1039 1589 ultima

124 1597 153 1658 i'n
169 1599 266 1658 Sicilia
279 1547 412 1662 Marceiii
426 1623 523 1682 pugna
535 1604 599 1663 fuit.
632 1605 722 1662 victor
735 1603 802 1663 inde
817 1606 974 1682 Syracusas
994 1609 1039 1668 rb-

124 1676 186 1736 tliit.
235 1678 303 1738 Jam
326 1681 416 1742 ferme
437 1683 467 1740 in
490 1682 571 1741 exitu
594 1701 686 1740 annus
709 1683 899 1760 statimque
922 1697 1039 1746 senatus

126 1753 239 1816 Rornae
265 1759 400 1831 decrerit,
428 1773 462 1822 ut
489 1761 522 1820 P.
543 1760 693 1821 Cornelius
714 1771 829 1838 praetor
858 1760 955 1820 literas
984 1763 1039 1822 Ca·
1128 1807 1134 1830 .

124 1853 212 1914 paam
226 1837 264 1894 ad
278 1840 410 1899 consules
424 1841 568 1900 mitteret:
589 1841 658 1898 dum
674 1839 821 1898 Hannibal
842 1839 941 1916 procul
955 1841 1040 1902 abes·

126 1925 180 1983 set,
195 1933 250 1972 nec
270 1916 329 1974 ulla
351 1919 446 1996 magni
471 1918 640 1977 discriminis
653 1937 698 1977 res
722 1917 760 1976 ad
775 1918 905 1996 Capuam
926 1938 1039 1995 gerere-

126 2005 181 2061 tur,
196 1993 269 2052 alter
289 2015 398 2066 eorum,
413 1995 436 2055 si
459 1997 500 2055 ita
513 1997 664 2065 rideretur,
685 1996 721 2056 ad
742 1997 926 2074 magistratus
939 1999 1040 2058 subro-

121 2070 237 2152 gandos
258 2073 382 2132 Romam
396 2074 514 2135 reniret.
553 2074 659 2133 Literis
677 2074 812 2152 acceptis,
827 2075 903 2134 inter
922 2095 953 2134 se
971 2096 1040 2135 con-

126 2146 209 2209 sules'
224 2154 434 2229 compararunt,
449 2165 482 2212 ut
496 2153 634 2214 Claudius
653 2151 770 2210 comitia
810 2153 948 2223 erficeret,
973 2153 1041 2214 Ful·

126 2230 189 2294 rius
211 2231 248 2290 ad
271 2231 401 2308 Capuam
423 2243 561 2291 maneret.
612 2230 752 2290 Consules
804 2231 915 2289 laudius
930 2234 1039 2294 'creavit

126 2307 183 2382 Cn.
198 2308 328 2368 Fulvium
342 2310 547 2371 Centumalum
561 2325 591 2383 et
612 2309 645 2368 P.
668 2309 825 2388 Sulpicium
842 2309 931 2368 Servii
948 2311 1040 2371 filium

123 2385 263 2456 Galbam,
284 2389 332 2465 qui
354 2389 461 2448 nullam
478 2401 564 2448 antea
584 2387 712 2448 curulem
726 2388 922 2464 magistratum
936 2391 1040 2466 gessis-

128 2467 181 2526 aet
223 2465 374 2526 Praetores
400 2467 503 2527 deinde
533 2466 621 2527 creati
652 2465 687 2525 L.
712 2466 861 2525 Cornelius
888 2467 1039 2538 Lentulus,

129 2542 176 2607 M·
200 2541 352 2604 Cornehus
379 2545 536 2624 Cethegus,
563 2545 599 2605 C.
630 2543 783 2623 Sulpicius,
811 2544 846 2604 C.
868 2545 1040 2620 Calpurnius

11 2691 12 2694 Ἴ
130 2620 207 2681 Piso.
257 2622 354 2681 Pisoni
377 2623 537 2702 jurisdictio
565 2624 683 2696 urbana,
709 2621 835 2700 Sulpicio
857 2622 962 2692 Sicilia,
984 2623 1040 2684 Ce-

129 2700 217 2778 thego
246 2701 362 2779 Apulia,
396 2702 522 2762 Lentulo
552 2700 682 2760 Sardinia
708 2700 813 2760 arcuit.
867 2701 1040 2763 Consulibus

129 2792 313 2858 prorogatum
326 2779 355 2839 in
369 2799 476 2841 anuum
490 2780 640 2860 imperium
654 2785 708 2838 est.

416 3045 750 3082 m
