2386 3930
149 212 208 270 aaa
359 195 362 204 '
506 213 539 270 r.
569 209 704 270 nrvm

149 363 195 432 tis,
210 364 306 423 duces*
320 366 418 435 Poeni,
432 366 554 424 assecuti
567 368 606 424 ab
620 376 701 442 terge
721 369 782 443 jam
803 378 980 448 pugnantes:
1008 387 1063 428 aa·

150 459 275 518 cepsque
298 445 433 520 proelium
458 445 604 502 Romanos
628 445 862 513 circumsteterat,
881 446 1009 506 incertos
1030 447 1062 507 in

149 539 234 594 quem
259 522 434 598 potissimum
458 521 581 593 hostem,
602 542 724 600 quamve
745 525 774 580 in
796 523 912 602 partem,
934 525 1064 600 conferti

150 598 327 674 eruptionem
341 599 478 658 facerent.
518 601 661 677 Pugnanti
682 601 864 678 hortantique
883 601 1061 678 imperatori,

149 687 179 732 et
200 675 327 733 offerenti
348 695 380 734 se
400 678 451 736 ubi
474 679 613 755 plurimus
636 680 718 738 labor
739 691 808 748 erat,
827 679 903 738 latus
924 679 1062 738 dextram
1168 691 1169 700 ³

148 753 250 810 lancea
269 753 426 830 trajicitur:
453 777 618 835 cuneusque
638 758 661 814 is
680 757 816 826 hostium,
830 757 878 835 qui
898 756 929 816 in
947 757 1063 819 confers

149 829 284 888 tesciroo
307 833 412 892 ducem
433 836 572 913 ‘impetum
594 836 710 904 Manat,
725 848 757 894 ut
778 837 941 896 exanimem
959 836 1061 896 laben·

76 931 80 952 ι
148 920 207 964 tem
235 927 274 966 err
297 931 372 988 equo
385 913 549 991 Scipionem
562 914 640 981 vidit,
653 912 763 972 alacres
782 914 888 990 gaudio
911 933 977 972 eum
999 914 1061 974 cla·

127 1043 129 1048 .
148 1004 228 1044 more
247 1007 298 1064 por
311 1001 402 1048 totam
416 993 507 1050 acimn
528 991 695 1050 nunciantes
715 991 887 1061 discurrunt,
907 993 1062 1070 imperato·

149 1083 213 1121 rem
231 1065 394 1126 Romanum
415 1070 560 1128 cecidisse.
601 1069 687 1126 Haec
705 1083 859 1147 pervagata
875 1072 982 1146 passim
995 1089 1061 1138 vox,

150 1153 182 1198 ut
203 1156 233 1201 et'
251 1145 349 1205 hostes
369 1147 548 1206 hauddubie
567 1163 619 1221 pro
640 1146 803 1216 victoribus,
820 1161 849 1206 et
864 1147 990 1208 Romani
1009 1167 1064 1226 pre

149 1220 230 1277 victis
254 1236 358 1290 essent,
381 1225 458 1282 feeit.
500 1225 580 1298 Fuga
602 1224 753 1281 confestim
776 1243 813 1284 ex
836 1225 908 1293 acie,
933 1227 1010 1288 duce
1031 1242 1065 1284 a*

148 1293 243 1363 misso,
257 1295 317 1352 fieri
332 1314 434 1374 coepta
448 1311 500 1354 est.
521 1312 657 1364 ceterum,
672 1311 704 1354 nt
725 1302 763 1357 ad
786 1305 996 1378 erumpendum
1020 1303 1065 1360 in·

148 1382 192 1428 ter
223 1371 372 1440 Numidas,
396 1373 557 1451 leuiumque
584 1389 726 1430 armorum
753 1377 810 1432 alia
835 1381 954 1448 auxilia,
982 1381 1065 1440 haud

147 1447 266 1507 difficilis
280 1470 326 1510 res
340 1465 420 1520 erat;
449 1453 489 1511 ita
503 1452 630 1528 effugere
642 1463 757 1510 tastum
774 1451 911 1529 equitum,
932 1474 1066 1531 aequae·

147 1527 276 1606 tiumque
296 1549 386 1610 equos
399 1532 551 1591 velocitate
571 1530 709 1608 peditum,
722 1530 770 1588 uix
791 1541 945 1608 poterant:
970 1535 1067 1594 caesi·

148 1627 204 1683 que
225 1627 313 1686 prope
333 1610 429 1686 plures
448 1609 569 1686 inungo,
582 1627 668 1686 quam
681 1609 709 1666 in
724 1627 829 1686 pugna,
843 1621 921 1668 suat.
941 1628 998 1672 nee
1013 1629 1064 1670 su·

147 1685 301 1762 perfuisset
327 1688 484 1764 qnisquam,
516 1688 554 1756 ni,
587 1687 735 1764 praecipiti
765 1693 826 1764 jam
850 1687 889 1744 ad
909 1707 1062 1765 vesperum

148 1762 205 1830 die,
226 1783 283 1820 nox
303 1765 513 1822 intervenisset.
592 1817 593 1822 ,

188 1840 312 1896 XXXV.
360 1841 463 1922 Haeo
484 1840 609 1916 segniter
631 1841 698 1899 inde
723 1841 812 1900 duem
833 1841 923 1900 Poeni
943 1842 1061 1902 fortuna

148 1917 201 1984 usi,
216 1917 364 1974 confestim
386 1937 403 1975 e
422 1918 604 1994 praeliatrix
623 1921 784 1978 necessariis
801 1920 899 1996 quiete
918 1920 987 1980 data
1006 1921 1062 1978 mi·

140 1995 254 2066 litibus,
276 1994 312 2050 ad
328 1994 543 2054 Hasdrubalem
565 1997 738 2056 Hamilcaris
759 1997 878 2056 citatum
892 2016 994 2072 agmen
1015 2016 1061 2056 rer

147 2072 238 2148 piunt,
259 2091 316 2128 non
331 2072 420 2132 dubit
434 2093 493 2151 spe,
509 2095 597 2152 quam
614 2075 708 2153 juncti
725 2088 830 2144 essent,
843 2073 980 2134 debellati
993 2095 1074 2162 petr·

148 2167 188 2207 se.
229 2151 295 2213 Quo
310 2151 360 2209 ubi
381 2165 426 2209 est
439 2167 566 2219 ventum,
581 2154 655 2212 inter
671 2153 813 2213 exercitus
826 2153 983 2232 ducesque.
1000 2153 1063 2214 rit>

147 2227 221 2286 teriia
240 2230 349 2288 recenti
370 2231 469 2298 laetos,
483 2231 636 2305 gratialatio
656 2232 759 2307 ingens
779 2229 865 2294 lacta,
885 2229 1064 2304 imperatore

148 2316 229 2364 tanto
254 2325 320 2364 cnm
344 2307 421 2366 omni
445 2307 573 2364 mercna
594 2308 699 2376 deleto,
721 2317 750 2362 et
769 2305 889 2375 altanum
908 2323 960 2382 pto
980 2304 1064 2368 haud

149 2385 239 2443 dubio
265 2385 536 2462 parem·victoriam
566 2393 776 2462 exspectantes.
833 2383 880 2440 nd
910 2381 1063 2450 Romanos

129 2464 277 2541 xnondum
304 2465 419 2543 quidem
444 2465 522 2522 fama
546 2474 643 2521 tantae
669 2461 758 2520 cladis
785 2473 975 2539 ponendam
1007 2463 1060 2520 secl

150 2555 293 2601 torrentum
320 2543 463 2623 quoddam
486 2541 628 2600 silentium
652 2554 724 2611 etat,
751 2552 781 2598 et
803 2539 892 2598 tacita
914 2539 1060 2608 divinatio,

150 2622 241 2697 qualis
259 2628 318 2699 jam
342 2621 586 2700 praesagientibus
608 2620 710 2678 animis
724 2617 898 2702 imminentis
917 2617 1062 2708 melissae

150 2699 232 2755 solet.
273 2701 434 2776 Imperator
452 2702 522 2778 ipse,
542 2712 743 2776 praeterquam
763 2698 841 2775 quod
865 2697 902 2754 ab
923 2715 1008 2754 secus
1028 2715 1061 2756 se

150 2777 305 2844 desertum,
320 2777 445 2834 hostiurn
466 2791 579 2836 tantum
592 2788 693 2835 auctas
704 2776 812 2852 copias,
826 2773 979 2840 sentiebat,
992 2792 1062 2832 coo-

146 2854 258 2931 Jeetutsi
282 2855 369 2909 etiam
393 2868 423 2910 et
441 2856 551 2910 ratione
570 2855 607 2910 ad
628 2853 819 2928 suspicionem
845 2859 982 2924 acceptae
1001 2851 1063 2912 cla·

151 2932 202 3001 uis,
223 2947 306 3008 quam
331 2928 367 2986 sd
392 2929 480 2985 ullam
500 2931 607 2986 bouem
625 2947 716 3004 spem,
737 2926 852 3003 pronior
871 2937 952 2984 erat:
980 2929 1063 2992 Que-

151 3029 218 3068 nam
245 3007 329 3065 modo
350 3005 426 3063 enim
450 3003 664 3062 Hasdrubalem
685 3022 722 3062 ae
742 3003 912 3080 Magonem,
933 3005 988 3063 nisi
1011 3007 1061 3066 de·

151 3090 266 3148 tunam
289 3105 339 3144 sno
362 3083 449 3152 bello,
471 3083 531 3142 sina
555 3083 717 3142 certamina
733 3082 877 3142 mancae
901 3084 1060 3142 exereitum

150 3165 303 3244 potuisse?
343 3162 495 3229 Quomodo
506 3176 603 3226 antem
617 3181 675 3219 non
689 3161 843 3229 obstitisse,
857 3172 907 3220 aut
927 3163 964 3220 ab
979 3173 1062 3240 tergo

151 3256 292 3312 secutum,
305 3239 445 3301 fratrem?
467 3253 506 3308 ut,
521 3242 544 3298 si
557 3241 717 3318 prohibere,
740 3258 795 3317 quo
814 3239 908 3296 minus
927 3239 956 3296 in
971 3259 1061 3298 mum

150 3327 262 3379 coirent
281 3331 311 3379 et
331 3321 420 3380 duces
432 3330 462 3378 et
485 3318 627 3378 exereitus
649 3318 857 3388 hostium,non
879 3318 1061 3395 paeanaque

151 3412 230 3456 certe
253 3419 320 3456 cum
343 3400 429 3458 fratre
451 3401 639 3475 conjungeret
662 3397 767 3474 copias.
807 3395 863 3453 His
885 3394 989 3452 anxius
1009 3413 1060 3451 cta

149 3468 197 3536 ris,
217 3474 247 3533 id
267 3478 352 3537 modo
367 3497 429 3538 esse
451 3478 575 3537 solutura
593 3475 622 3532 in
642 3493 778 3554 massera
796 3473 945 3545 ammas,
957 3470 1061 3531 oeslfloe
