2406 3932
410 180 575 256 LIBER
603 183 719 274 XXIII·
956 199 1017 262 143

109 359 139 441 'ep
151 369 204 441 per
215 369 297 428 agros
309 351 436 429 fugaque
451 362 483 412 et
502 351 625 416 medear
644 351 758 421 deinde,
779 349 905 428 undique
924 351 1020 412 dicen·

108 447 146 496 sss
160 429 313 488 ‘itrneribus
335 449 423 507 quum
442 428 472 486 in
493 441 586 489 castra
608 449 640 488 se
662 429 848 506 recepissent,
876 431 949 488 adeo
972 451 1016 490 re·

107 517 195 582 pente
213 507 337 566 decessit
355 506 458 565 animis
469 524 567 582 pavor,
589 520 619 564 ut
634 525 691 582 non
712 506 750 564 ad
763 506 941 566 munimenta
954 528 1015 568 mo·

107 581 145 660 do
161 583 345 656 'defendenda
364 585 433 643 satis
452 583 612 641 animorum
632 594 716 652 esset,
737 583 788 642 sed
808 584 894 644 etiam
916 585 954 642 ad
972 585 1014 646 la·

21 687 23 692 ·
107 661 277 720 cessandum
297 662 410 720 hostem
430 659 548 738 proelio.
587 659 749 736 Erumpunt
765 660 851 736 igitur
869 663 1015 739 agminee

108 739 215 806 castris,
230 737 418 816 tripudiantes
437 756 516 796 more
536 755 608 804 suo;
625 737 832 814 ‚repentinaque
845 760 1015 802 eorum-au·

107 811 190 874 dacia
202 825 339 874 terrerem
359 815 442 888 hosti,
483 815 549 874 aulo
571 826 638 874 ante
652 814 726 872 ultro
740 815 898 886 lacessenti,
918 819 1012 880 incus·

106 889 152 949 sit.
192 891 295 969 Itaque
314 905 344 951 et
364 893 425 970 ipse
477 891 610 956 asdrubal
624 891 654 948 in
675 890 778 950 collem
797 895 865 956 satis
885 895 1014 969 arduum,

106 979 202 1027 tutum
221 969 339 1028 flumine
359 971 445 1028 etiarn
472 971 597 1046 objecto,
617 979 680 1028 turn
699 967 797 1046 copias
818 971 959 1040 subducit,
986 988 1016 1034 et

107 1045 291 1122 praemissam
304 1047 398 1109 levem
418 1057 591 1106 armaturam
604 1045 770 1124 equitesque
784 1048 895 1124 palatos
915 1050 1016 1108 eodem

106 1123 225 1202 recipit:
245 1145 301 1184 nec
314 1139 364 1184 aut
381 1124 446 1192 colli
460 1135 512 1182 aut
530 1125 640 1182 flumini
659 1124 729 1182 satis
747 1123 840 1184 fidens
861 1125 935 1182 vallo
955 1144 1017 1186 css·

106 1211 150 1258 tra
169 1205 322 1278 permunit.
360 1201 395 1260 In
416 1201 595 1261 hocaltemo
615 1221 719 1277 pavore
733 1202 889 1260 certamina
909 1203 1018 1336 aliquot

105 1290 173 1341 sunt
199 1292 356 1340 contracta.
376 1299 431 1338 nec
455 1279 582 1338 Numida
604 1279 737 1356 Hispano
764 1299 851 1358 eques
876 1295 927 1357 par
958 1282 1018 1348 ultr

106 1375 163 1414 nec
180 1357 321 1431 jaculator
340 1357 462 1416 Maurus
482 1367 619 1425 coenato,
640 1356 792 1418 velocitate
816 1358 887 1436 pari,
914 1359 1018 1418 roboro

6 1431 7 1438 ’
107 1433 195 1490 animi
208 1433 307 1494 virium
328 1455 365 1497 ue
378 1436 555 1513 aliquantum
569 1435 734 1510 praestanti.
806 1483 808 1492 ,

130 1510 282 1588 ·XXVll.¹
339 1527 494 1572 osrousu
505 1529 599 1586 neque
613 1509 716 1569 elicere
730 1508 861 1568 Poenum
875 1511 913 1570 ad
925 1524 1018 1572 certa·
1107 1519 1109 1524 '

107 1606 174 1646 men
188 1588 331 1660 obversati
345 1589 444 1646 castris
464 1598 605 1664 poterant,
620 1601 713 1662 neque
727 1597 884 1646 eastmrum
908 1609 1018 1670 oppug-
1052 1589 1054 1594 ’

107 1665 187 1722 natio
205 1660 296 1723 facilis
316 1678 376 1723 erat
390 1665 520 1730 ;.urbem
548 1667 687 1733 Ascuam,
708 1683 774 1740 qno,
795 1663 866 1724 fines
893 1665 1019 1726 hostium

6 1811 8 1816 ,
107 1741 278 1818 ingrediens,
302 1741 469 1802 Hasdrubal
492 1741 666 1800 frumentum
690 1753 925 1820 commeatusque
948 1745 1022 1804 alios

6 1829 7 1872 1
107 1831 292 1888 convexerat,
311 1820 338 1878 vi
358 1821 485 1896 capiunt,
505 1818 640 1896 omnique
667 1819 743 1878 circa
767 1838 836 1898 agro
861 1821 1019 1897 potiuntur.

108 1915 165 1954 nec
189 1899 258 1971 jam,
279 1901 329 1954 aut
355 1897 384 1952 in
405 1897 529 1974 agmine,
549 1907 599 1974 aut
618 1897 648 1952 in
674 1896 784 1966 castris,
812 1897 881 1956 nilov
897 1899 1018 1976 imperio

108 1972 258 2033 contineri.
299 1966 394 2036 Quam
413 1973 463 2032 ubi
483 1971 686 2048 negligentiam
706 1993 794 2034 exre
815 1977 858 2052 (ut
878 1977 921 2054 fit)
943 1977 1018 2036 bene

108 2051 193 2127 gesti
220 2049 285 2107 oriri
305 2049 433 2108 senserat
454 2047 629 2116 Hasdrubal,
657 2049 823 2110 cohortatus
849 2053 1018 2122 milites,.ut

6 2149 7 2156 ¹
108 2127 221 2206 palatos
235 2127 296 2186 sine
316 2127 402 2204 signis
416 2125 513 2186 hostes
534 2125 766 2202 aggrederentur,
786 2126 937 2204 degressus
957 2131 1017 2192 col·-
1111 2165 1117 2170 -

109 2207 146 2275 le,
167 2205 259 2283 pergit
278 2205 320 2262 ire
340 2205 401 2264 acie
421 2205 560 2278 instructi
579 2201 617 2262 ad
637 2215 739 2262 castra.
760 2223 844 2282 quem
866 2217 898 2264 ut
916 2205 1027 2268 adesse,

109 2283 297 2343 tumultuose*
311 2279 483 2342 nunciavere
508 2280 651 2360 fugientes
677 2281 861 2340 asseculis
888 2283 1017 2344 stationi·

6 2369 7 2386 ¹
108 2363 231 2438 busque,
252 2353 289 2418 ad
309 2379 388 2442 arma
408 2355 620 2420 conclamatum
643 2371 696 2418 est.
767 2373 779 2416 t
801 2361 919 2449 quisque
938 2380 1019 2420 arma

109 2450 238 2516 ceperat,
263 2437 325 2496 sine
351 2438 480 2514 imperio,
507 2438 569 2496 sine
589 2437 680 2514 signo,
701 2436 890 2514 incompositi,
910 2437 1018 2494 inordi-
1106 2501 1113 2506 ,

108 2515 178 2586 nati,
192 2515 222 2574 in
232 2515 373 2593 proelium
381 2526 476 2572 ruunt.
492 2513 674 2590 „lamprimi
684 2526 887 2575 conseruerant
906 2531 1019 2592 manus,

109 2612 199 2671 quum
219 2593 267 2650 alii
286 2593 452 2651 catervatim
479 2600 633 2659 currerent,
655 2591 702 2650 alii
727 2589 858 2648 nondum
878 2609 895 2648 e
918 2590 1018 2652 castris

110 2672 246 2730 exissent
269 2681 366 2728 tamen
392 2667 483 2746 primo
509 2667 573 2746 ipsis
591 2660 719 2726 'audaciai
744 2680 872 2733 terruere
894 2666 1018 2734 hostem.

109 2745 224 2816 deinde,
251 2745 306 2804 rari
333 2745 362 2804 in
385 2741 543 2808 'confertos
559 2743 639 2824 illati,
659 2763 749 2824 quum
767 2743 898 2823 paucitas
916 2764 1019 2824 parum

110 2837 174 2885 tuta
188 2838 272 2895 esset,
286 2824 429 2902 respicere
443 2823 491 2882 alii
511 2821 590 2892 alios,
606 2833 646 2890 et,
659 2820 728 2880 undi
749 2842 785 2880 ue
798 2821 882 2902 pulsi,
895 2828 973 2896 coire
986 2825 1018 2884 in

110 2907 228 2974 orbem;
240 2917 279 2974 et,
289 2903 358 2964 dum
366 2921 486 2982 corpora
499 2901 665 2980 corporibus
678 2841 866 2981 appiiconrur,
880 2898 1025 2984 armaque

109 2983 196 3042 armis
213 2985 349 3061 jungunt,
363 2982 393 3040 in
404 2994 517 3054 ¹arctum
531 2978 680 3056 compulsi,
701 2979 850 3060 quumvis
869 2979 1028 3058 movendis,

110 3061 197 3120 armis
210 3059 279 3118 satis
292 3058 375 3136 spatii
396 3070 481 3134 esset,
501 3075 607 3119 comna
625 3055 751 3114 hostium
771 3053 867 3127 cincti,
887 3059 923 3116 ad
944 3057 1018 3118 mn-

109 3151 175 3197 tum
194 3129 431 3196 diei'eaeduntur.
471 3133 586 3210 Exigua
604 3143 678 3216 pars,
700 3133 848 3210 eruptione
867 3133 954 3205 facta,
968 3135 1015 3194 sil-

110 3233 162 3274 vas
175 3232 212 3276 ec
225 3225 338 3272 montes
355 3213 444 3291 petit:
465 3211 582 3290 parique
601 3225 709 3278 terrore
722 3222 752 3272 et
765 3223 859 3272 castra
880 3225 947 3272 sunt
967 3211 1017 3270 de·

111 3287 198 3362 serta,
213 3301 244 3350 et
258 3291 385 3368 universa¹
399 3309 470 3368 gens
488 3302 603 3366 postero
617 3287 663 3348 die
684 3291 712 3348 in
732 3289 908 3350 deditionem
928 3287 1015 3357 venit,

112 3369 178 3432 Nec
191 3369 242 3429 diu
254 3367 283 3426 in
299 3381 401 3448 pacato
421 3367 534 3426 mansit.
553 3384 620 3426 nam
639 3365 761 3427 subinde
779 3368 820 3427 ab.
838 3363 1028 3445 Karthagine,

111 3447 231 3512 allatum
258 3457 321 3529 est,
340 3457 372 3506 ut
393 3440 559 3526 Hasdrubal
579 3444 670 3527 primo
697 3463 811 3524 quoque
831 3453 960 3523 tempore
985 3441 1028 3522 in·
