2386 3930
220 323 224 334 .
302 336 306 350 ,
338 295 491 342 sarasar
511 298 547 343 rs
568 299 696 343 arsurus
715 299 793 342 xxrr.
966 283 1022 346 ‘295

113 437 645 596 11slslllllllllllsfzssl
664 441 844 578 {3⁵35le
860 435 1023 594 illlis

113 603 134 634 ⁴⁸
148 587 255 655 Sullam
270 589 431 674 quindecim
446 597 597 674 pontifices
610 610 700 665 erant,
723 599 808 657 etiam
833 595 911 655 aliud
935 594 1023 654 colle·

114 681 134 712 ⁴⁸
147 676 224 752 giam
240 675 407 753 pontificum
420 675 516 745 fuisse,
531 677 578 754 qui
590 677 737 756 pontifices
756 679 879 736 uriuores
898 673 1024 752 appella·

114 761 133 790 ⁸¹
147 766 254 813 rentur.
295 751 336 811 Hi
350 755 474 832 quando,
489 775 546 832 quo
560 773 689 823 numero,
702 765 731 813 et
745 775 831 833 quem
845 756 882 813 ob
897 769 1024 821 causam,

114 840 134 868 “
147 832 269 892 instituti
294 832 411 902 fuerint,
439 853 496 892 non
524 834 584 892 scio
612 851 733 912 usquam
759 833 906 892 traditum.
956 831 1024 900 Sed,

115 918 133 948 ‘⁸
147 912 214 989 quia
228 911 326 970 Livius
340 911 410 970 dicit
424 914 516 972 scriba
525 913 686 992 pontificis,
708 913 777 988 (non
798 913 972 990 panificum,
994 921 1026 967 ut

116 997 134 1026 ‘¹
147 989 338 1060 festinatione,
354 989 450 1060 credo,
464 991 561 1071 lapsus
583 991 724 1064 Norisiusl
747 1009 819 1068 quos
839 1007 916 1046 nunc
936 988 1026 1046 miuo-

116 1075 134 1104 “
148 1089 194 1128 res
211 1071 362 1150 poolploes
381 1068 533 1160 appellant,
558 1069 718 1129 verosimile
739 1085 792 1136 est,
817 1068 873 1126 hoc
897 1079 1027 1143 tempore

115 1155 260 1206 “tantum
276 1165 364 1206 unum
378 1149 476 1215 fussee,
492 1166 534 1216 ec,
550 1149 656 1210 deiude
668 1160 754 1207 aucta
775 1165 905 1214 nurnero,
926 1163 1027 1205 ornnes

116 1233 134 1262 “
142 1228 292 1308 pontifices
306 1227 427 1285 minores
441 1227 609 1304 appellatos.
651 1228 688 1286 Et
707 1230 766 1306 jam
780 1239 848 1286 anre
862 1235 974 1284 tannim
997 1241 1028 1280 u-

115 1313 132 1340 “
148 1323 216 1362 num
231 1305 318 1362 lirlsse
332 1301 473 1381 significat
494 1301 538 1363 hi's
558 1306 652 1365 verbis
674 1301 845 1365 Macrobius
866 1311 891 1364 l.
913 1304 1030 1361 Satura.

115 1389 133 1418 “
152 1389 196 1442 15.
237 1384 349 1442 Priscis
363 1385 533 1464 temporibus
545 1395 696 1464 antequam
712 1385 795 1444 Fasti
813 1402 832 1442 a
859 1385 911 1444 Cu.
937 1381 1028 1441 Fabio

116 1467 134 1496 “
148 1462 240 1520 scribo
255 1463 352 1522 invitis
361 1464 501 1522 Patribus
515 1465 545 1520 iu
560 1465 682 1520 omuiaar
693 1463 822 1520 notitiam
830 1465 1028 1539 proderentur,

115 1539 177 1597 “id
200 1551 244 1598 est
276 1552 344 1597 ante
370 1556 437 1595 ann.
463 1539 543 1594 urbis
577 1540 738 1614 cccaxmx)
761 1539 894 1618 pontici
925 1539 1030 1596 minori

115 1625 134 1652 ¹‘
147 1617 216 1672 leaeo
225 1615 375 1694 prouincia
389 1613 581 1698 delegabatur,
596 1626 628 1673 ar
642 1633 731 1675 uoaue
743 1615 829 1674 lanae
843 1618 968 1695 primum
982 1615 1029 1674 ab·

116 1700 133 1730 ‘⁶
148 1702 273 1764 seruaret
287 1702 436 1773 aspectum,
451 1693 595 1770 visamque
612 1695 675 1776 regi
688 1694 847 1773 sacrificulo
868 1695 1027 1753 uuaciorel

115 1779 135 1808 “
149 1774 215 1836 Quo
240 1785 370 1850 tempore
397 1783 499 1831 auctus
522 1772 609 1831 fuerit
635 1791 734 1832 eorum
763 1790 908 1850 ramerus,
930 1773 1029 1831 itidem

115 1858 134 1888 ‘⁴
148 1851 288 1908 incertum
304 1862 357 1909 est.
399 1849 501 1909 Cicero
521 1851 559 1909 de
581 1855 686 1930 Arusp.
709 1869 782 1929 resp.
804 1871 830 1910 c.
850 1858 878 1912 6.
900 1864 958 1910 tres
978 1871 1029 1909 no-

115 1937 134 1966 ¹⁴
149 1929 258 1987 uunatr
286 1930 364 1988 unde
388 1947 568 2006 consequens
589 1943 642 1998 esr,
664 1930 694 1988 id
715 1951 752 1990 co
771 1929 929 1999 intervallo,
951 1931 1028 2008 quod

116 2015 134 2044 “
149 2007 353 2076 interranum,
375 2011 456 2085 cujus
477 2027 522 2066 res
536 2007 584 2066 hic
597 2010 763 2086 exsequitur
783 2009 890 2078 Livius,
912 2021 942 2068 et
955 2011 1029 2069 inter

114 2093 135 2122 ‘⁴
149 2087 308 2146 orationem
323 2087 399 2143 illam
414 2087 552 2153 habitam,
572 2085 635 2153 fuit,
657 2087 734 2163 quod
747 2088 837 2146 ferme
851 2105 918 2146 ccx.
939 2107 1029 2146 anno·
1070 2155 1076 2158 ,

115 2171 136 2200 “
149 2184 211 2222 rum
227 2166 419 2234 est,'factum'.
459 2164 493 2222 In
514 2165 578 2221 loco
600 2165 724 2243 Capitol.
744 2165 773 2223 in
796 2166 873 2243 Opil.
895 2166 1028 2226 Macrino

117 2251 135 2278 ‘¹
149 2261 214 2320 cop.
227 2248 254 2307 7.
300 2244 392 2312 Quum
406 2243 501 2301 scribo
509 2243 676 2322 panificum
691 2253 769 2314 esset,
785 2265 852 2323 quos
862 2241 1028 2323 hodiepou·

117 2329 135 2356 “
149 2322 237 2398 lr'Jices
250 2323 373 2382 minores
383 2330 492 2389 vocaus,
507 2321 575 2378 mihi
590 2335 755 2399 suspectum
777 2321 925 2390 est‘lrodie,
946 2334 979 2380 ut
992 2342 1027 2380 ex

116 2406 135 2435 “
149 2399 242 2457 verbis
257 2401 337 2467 Livii,
362 2401 391 2457 in
412 2401 546 2476 margine,
561 2400 719 2478 adscriptis,
741 2400 846 2459 deinde
866 2401 893 2457 in
909 2412 1028 2458 contex-

117 2485 137 2514 ⁴‘
151 2490 212 2535 tum
237 2475 423 2535 inculcatum.
464 2477 540 2536 Num
563 2479 742 2556 Capitolinus
762 2479 799 2536 de
826 2478 1027 2556 appellatione.

117 2564 135 2593 ‘⁴
149 2555 257 2613 dudam
273 2569 341 2614 ante
354 2555 383 2613 id
405 2567 517 2634 ternpus
538 2560 663 2634 recepti,
686 2576 743 2615 non
764 2557 804 2614 ita
824 2556 901 2634 loqui
922 2557 1026 2633 potuit,

116 2643 134 2670 “
149 2645 181 2692 ut
195 2635 312 2700 Livius:
333 2636 416 2710 cujus
430 2646 525 2692 aetate
540 2654 575 2693 ea
593 2636 684 2693 multo
699 2636 841 2694 recentior
854 2649 925 2701 erat,
941 2652 1026 2712 quam

117 2721 135 2749 ‘⁴
150 2711 330 2789 Capitolini.'’
448 2713 607 2772 DURERUS
622 2714 658 2772 ad
673 2713 751 2771 hunc
765 2713 839 2771 Livii
853 2714 959 2772 locum.

154 2795 202 2853 70.
241 2789 337 2849 LVII.
367 2792 387 2871 l.
420 2795 465 2857 17.
523 2793 631 2860 Quibus
654 2809 840 2858 surrmcus.
881 2793 924 2869 By
948 2793 1026 2852 what

115 2871 367 2929 atouemeuts-ita
389 2872 464 2930 enirn
487 2871 560 2930 haec
584 2889 640 2930 vox
667 2870 832 2948 saepissime
858 2870 1027 2948 accipienda

115 2960 168 3016 est,
189 2961 219 3007 et
232 2969 331 3008 revera
345 2951 495 3029 designare
515 2949 627 3008 videtur
646 2949 676 3007 id
696 2969 791 3017 omne,
814 2969 870 3027 quo
890 2951 960 3008 deos
973 2950 1026 3008 ho·

115 3026 242 3084 rainesve
263 3029 385 3103 placare,
417 3045 446 3088 et
466 3029 549 3086 nobis
570 3029 707 3106 propitios
728 3029 856 3096 reddere,
878 3045 1024 3098 conamur,

115 3103 174 3162 sive
183 3123 280 3182 preces
296 3105 360 3171 sint,
383 3107 441 3163 sive
462 3107 590 3164 victimae
610 3115 637 3164 et
656 3107 806 3184 sacrficio,
828 3107 886 3164 sive
906 3109 1025 3188 inserpat

116 3183 161 3318 ξω
183 3181 288 3258 plicum
316 3182 488 3258 velamenta)
513 3183 571 3240 sive
594 3204 696 3263 poeno,
722 3189 774 3243 irc.
798 3185 854 3241 vid.
881 3183 960 3243 Cort.
987 3188 1025 3244 ud

138 3201 185 3318 ali.
201 3261 265 3319 Cat.
276 3270 306 3320 'c.
325 3267 353 3321 9.
373 3273 402 3320 et
416 3261 493 3320 alibi.
533 3260 590 3318 Pro
610 3262 764 3342 suppliciis,
786 3261 916 3340 Doering
936 3264 1024 3329 malc-

114 3340 165 3397 bat
185 3339 342 3416 sacrificiis,
362 3340 407 3398 vel
428 3340 544 3419 propius
565 3341 602 3397 ad
623 3341 718 3399 literas
734 3340 867 3421 piaculis.
909 3345 949 3400 At
968 3341 1025 3401 lec·

102 3416 154 3476 'tio
168 3417 293 3493 vulgata,
316 3437 400 3495 quam
415 3439 515 3478 omnes
529 3417 618 3480 ferme
633 3419 696 3478 libri
711 3419 806 3498 scripti
821 3427 947 3493 tuentur,
963 3439 1024 3478 om·

114 3495 182 3555 aino
197 3514 267 3554 sana
280 3507 332 3555 cst.
