2406 3932
177 243 235 320 rra
377 319 379 328 y
487 197 774 300 lamara

176 409 293 458 centurn
315 395 495 474 septuaginta
519 407 630 473 septem
647 413 719 454 *cum
743 395 851 472 ingenti
874 394 1085 473 approbatione

176 476 324 535 bominum
339 476 512 532 in'senatum
526 474 619 542 lectis,
634 474 779 550 externplo
797 491 827 530 sc
849 473 1086 549 magistratuum*

177 554 290 621 dicavit,
304 553 487 628 privatusque
502 551 540 608 rle
557 551 669 608 Rostris
690 551 847 619 descendit,
869 551 1086 610 lictoribus-ab⁴

176 633 217 690 ire
247 631 351 708 jussis;
379 631 537 706 turbaeque
565 645 596 686 se
619 627 771 686 immiscuit
792 629 923 706 privatas,
936 629 1086 704 agentium

177 727 234 776 res,
249 721 362 782 tempus
376 707 431 764 boc
446 707 545 764 sedulo
560 717 664 774 terens,
684 723 723 764 ne
745 707 905 765 deducendi
928 708 971 763 sui
994 707 1086 765 causa

175 785 313 863 populum
328 785 364 842 de
378 785 439 841 foro
453 783 630 842 abduceret:
648 801 745 859 ,neque
759 796 854 842 tamen
869 784 995 860 elanguit
1014 799 1086 842 cura

175 862 323 921 bominum
347 863 383 920 eri
404 863 491 928 mora,
511 861 730 937 frequentesque
745 879 812 919 eurn
827 862 943 919 domum
956 862 1084 920 deduxe-

102 991 107 1001 .
174 952 250 998 runt.
291 940 399 998 Consul
420 950 505 996 nocte
519 938 678 1015 insequenti
694 939 731 995 ad
745 939 903 997 exercitum
916 940 1009 1006 rediit,
1023 957 1083 996 non

174 1018 252 1078 facto
273 1017 393 1076 certiore
417 1027 526 1085 senatu,
546 1035 592 1088 nc·
607 1013 787 1074 comitiorum
806 1018 895 1074 causis
908 1016 937 1072 in
952 1018 1023 1074 urbe
1036 1035 1084 1074 re·

175 1096 323 1155 lineretur.

179 1192 182 1200 ·
214 1173 324 1230 XXIV.
346 1173 501 1230 Posruao
511 1169 568 1244 die,
579 1173 728 1230 consultus
738 1191 756 1230 a
767 1171 818 1230 M:
829 1171 987 1248 Pomponio
998 1179 1084 1248 praei

174 1259 245 1318 tore,
260 1261 375 1309 senatus
389 1249 523 1316 decrevit,
538 1249 669 1307 dictatori
691 1250 883 1317 scribendum,
904 1248 955 1316 uti,
971 1249 992 1305 si
1006 1267 1024 1306 e
1037 1267 1083 1307 re·

173 1328 290 1410 publica
304 1335 435 1384 censeret
449 1345 520 1406 esse,
536 1327 572 1382 ad
594 1327 726 1398 consules
751 1326 949 1401 subrogandos
962 1325 1081 1395 veniret,

174 1423 240 1462 curn
254 1404 391 1480 magistro
405 1404 532 1480 equiturn
547 1413 577 1460 et
596 1413 727 1479 praetore
751 1403 795 1459 M.
817 1403 968 1470 Marcello,
990 1417 1023 1462 ut
1042 1421 1083 1464 ex

172 1481 206 1540 iis
220 1483 419 1560 praesentibus
433 1499 551 1539 noscere
577 1481 677 1538 Patres
699 1491 826 1558 possent,
851 1499 907 1556 quo
930 1491 1007 1544 statu
1021 1495 1083 1538 res-‘

171 1561 288 1636 publica
309 1572 394 1628 esset,
409 1560 583 1636 consiliaque
604 1578 641 1617 ex
662 1562 749 1618 rebus
769 1567 924 1634 caperent.
953 1557 1009 1621 Qui
1031 1575 1082 1615 ac·

172 1637 325 1706 obierant,
341 1655 440 1696 omnes
459 1649 608 1704 venerunt,
630 1638 735 1696 relictis
758 1636 868 1712 legatis,
893 1633 941 1710 qui
961 1635 1082 1712 legioni·

136 1756 142 1768 .
171 1715 228 1773 b'us
245 1713 422 1794 praeessent.
462 1714 604 1778 Dictator,
619 1714 656 1768 de
674 1731 705 1768 se
718 1729 811 1786 panca
824 1726 859 1766 ac
873 1711 986 1768 modice
1000 1714 1080 1770 locu·

172 1803 229 1862 tus,
244 1796 272 1850 in
287 1791 452 1865 magistrum
466 1788 603 1862 equiturn,
619 1787 663 1841 Ti.
679 1786 878 1862 Sempronium
899 1786 1082 1858 Gracchum,

171 1887 305 1942 magnam
329 1875 437 1940 partem
461 1862 568 1936 gloriae
588 1863 689 1929 vertit3
710 1862 882 1939 comitiaque
902 1863 1000 1936 edixit,
1011 1866 1080 1945 'qui-

170 1945 226 2000 bns
240 1944 275 1999 L.
290 1939 453 1998 Postumius
467 1938 582 1996 tertium
597 1941 711 2008 absens,
726 1941 774 2017 qui
789 1959 851 1998 tum
866 1941 990 2000 Galliam
1013 1963 1078 2019 pro-

168 2019 290 2077 vinciam
313 2015 477 2084 obtinebat,
504 2026 534 2075 et
563 2017 607 2076 Ti.
633 2018 1004 2096 Sempronius'Graccbua,
1027 2023 1079 2096 qui

169 2109 230 2152 tum
255 2095 390 2171 magister
413 2095 541 2172 equiturn
562 2107 592 2154 et
613 2097 711 2154 aedilis
731 2098 837 2155 curulis
858 2108 928 2164 erat,
944 2100 1078 2156 consules

169 2185 343 2232 crearentur.
385 2173 535 2230 Praetores
559 2174 627 2232 inde
650 2175 738 2232 creati
760 2175 805 2231 M.
820 2173 949 2231 Valerius
973 2174 1079 2248 Laeui·

162 2267 232 2318 nus,
249 2253 307 2328 Ap.
322 2250 460 2308 Claudius
475 2249 607 2318 Pulcher,
623 2253 659 2315 Q.
676 2251 789 2306 Fulvius
808 2250 938 2316 Flaccus,
954 2252 991 2314 Q.
1005 2251 1079 2308 Mu-

69 2362 79 2382 .
168 2325 229 2384 cius
259 2327 406 2386 Scaevola.
447 2327 588 2394 Dictator,
619 2328 722 2384 creatis
748 2326 970 2402 magistratibus,
999 2327 1027 2384 T
1027 2344 1078 2387 ea-

167 2421 237 2462 num
251 2405 280 2462 in
294 2406 413 2462 hiberna
427 2405 464 2461 ad
477 2404 635 2462 exercitilm
655 2404 747 2472 rediit,
769 2404 868 2462 relicto
893 2405 1030 2480 magistro
1045 2425 1076 2464 e-

167 2483 279 2560 quiturn
301 2483 431 2548 Romae;
450 2483 508 2559 qui,
523 2501 619 2558 quum
631 2493 695 2558 pust
715 2499 823 2558 paucos
845 2481 906 2540 dies
925 2483 1078 2558 magistra-

166 2570 230 2618 tum
244 2561 363 2620 initurus
377 2571 461 2629 esset,
476 2560 513 2618 de
533 2559 707 2618 exercitibus
719 2560 887 2618 scribendis
908 2577 1076 2637 comparan-

166 2635 277 2714 disque.
295 2639 324 2696 in
351 2654 458 2695 annum
486 2639 585 2696 Patres
615 2639 786 2697 consuleret.
826 2639 923 2702 Quum
939 2647 1003 2696 'eae
1028 2653 1079 2696 res>

165 2715 291 2772 maxime
315 2728 476 2792 agerentur,
499 2735 574 2774 nova
595 2715 690 2774 clades
714 2715 858 2778 nunciata,
880 2716 964 2771 aliam
988 2735 1076 2792 super

100 2811 102 2815 ,
164 2783 250 2843 aliam
266 2785 431 2848 cumulante
445 2793 473 2847 in
488 2811 554 2848 eum
566 2811 670 2849 annum
681 2793 815 2858 fortunia
836 2793 871 2846 L.
883 2791 1078 2862 Postumium,

163 2865 314 2923 consulem
326 2865 517 2939 designatum,
531 2867 560 2920 in
575 2868 776 2940 Gallia'ipsum
801 2879 887 2943 atque
912 2868 1073 2928 exercitum

163 2939 284 2998 deletos.
312 2941 409 2998 'Silva
432 2951 494 2997 erat
521 2941 782 3016 vasta-(Litanam
811 2943 888 3000 Galli
916 2947 1073 3024 vocabant)

163 3019 222 3095 qua
245 3017 401 3078 exercitum
425 3018 608 3076 traducturus
630 3029 699 3076 erat.
720 3021 782 3096 ejus
796 3021 883 3078 silvae
897 3022 999 3080 dextra
1013 3024 1073 3082 lae-

162 3097 258 3173 vaque
270 3097 346 3155 circa
359 3095 432 3152 viam
447 3095 525 3154 Galli
538 3097 654 3154 arbores
677 3096 718 3154 ita
741 3097 910 3167 inciderantss
924 3110 956 3157 ut
969 3100 1073 3160 imma-

162 3183 210 3231 tae
226 3185 343 3243 starent,
357 3185 504 3232 momento
519 3174 572 3231 levi
593 3173 732 3252 impulsae
751 3176 927 3236 occiderent.
966 3177 1071 3256 Legio·

162 3267 215 3310 nes
237 3253 309 3314 duas
332 3249 479 3312 Romanas
503 3251 631 3310 babebat
654 3253 827 3324 Postumius,
852 3257 1019 3332 sociumque
1032 3257 1069 3314 ab

163 3341 268 3406 supero
295 3330 365 3390 meri
391 3339 505 3406 tantum¹
528 3331 745 3408 conscripserat,
769 3344 802 3390 ut
824 3334 922 3410 viginti
944 3333 1068 3409 quiaque

162 3405 252 3467 millia
265 3419 437 3468 armatorum
457 3408 486 3466 in
503 3425 588 3485 agros
609 3409 734 3467 hostium
755 3410 906 3470 induxerit.
946 3409 1022 3482 Gelli
1035 3425 1069 3465 o·

162 3493 225 3538 ¹⁸¹2
244 3500 392 3557 extremae
413 3487 500 3547 silvae
521 3504 610 3566 quarn
633 3488 891 3562 circumsedissebt‚
912 3487 961 3548 abi
977 3486 1068 3546 *intra-

1161 1029 1169 1046 ,
