2386 3930
169 211 229 270 238
545 209 579 268 Tr
606 207 748 268 LIVII

169 361 278 421 honore
304 364 453 440 exsequias
476 364 648 423 celebrante.
706 363 792 422 Haec
818 361 942 429 uadunt,
972 359 1020 438 qui
1047 359 1078 418 in

168 439 294 498 Lucanis
315 441 356 500 rei
374 451 472 518 gestae
485 451 617 500 auctores
631 449 707 499 sunt.
749 439 779 498 Si
798 439 860 507 illis,
875 437 923 516 qui
937 439 976 498 ad
991 437 1078 498 Calo·

167 535 227 574 rem
248 518 364 576 fluvium
383 517 565 577 interfectum
585 528 754 587 memorant,
775 515 889 575 credere
902 515 981 584 velis,
997 514 1079 592 capi·
1176 501 1177 556 l

168 595 205 651 tis
219 607 329 654 tantum
340 595 466 654 Gracchi
479 596 577 654 hostes
591 596 674 673 potiti
688 606 772 654 sunt:
785 613 821 652 eo
831 593 926 652 delato
939 593 977 650 ad
991 593 1080 650 Han·

167 672 301 739 nibalem,
316 672 419 731 missus
440 674 478 731 ab
492 693 527 733 eo
552 673 701 733 confestim
715 671 860 739 Carthalo,
899 670 927 728 ui
938 669 968 726 in
981 682 1082 728 castra

170 747 300 806 Romana
319 749 357 808 ad
382 750 437 810 Co.
451 751 616 810 Cornelium
637 763 818 828 quaestorem
840 690 971 808 deperiet
982 746 1007 805 is
1029 747 1080 806 fu·

167 845 221 883 nus
244 825 423 904 imperatoris
446 829 476 888 in
498 830 608 901 castris,
627 827 840 888 celebrantibus
860 845 928 886 cum
948 826 1078 884 exercitu

170 903 392 977 Beneventanis,
406 906 485 966 fecit.
1000 954 1006 976 ,

209 980 324 1042 XVIII.
352 985 529 1056 consutus,
539 997 638 1062 agrum
653 983 834 1061 Campanum
847 980 975 1058 ingressi,
974 999 1080 1116 1ᾂιέιιιιι

168 1060 274 1135 passim
295 1062 507 1139 popularentur,
528 1062 677 1140 eruptione
697 1061 904 1140 oppidanorum
923 1069 954 1118 et
1028 1075 1081 1135 go·

171 1137 215 1195 nis
235 1157 301 1196 com
319 1139 449 1217 equitatu
463 1139 551 1199 territi
571 1151 601 1197 et
614 1137 726 1217 trepidi,
741 1138 779 1197 ed
799 1139 880 1215 signa
894 1137 1007 1205 milites,
1029 1153 1081 1213 pa·

171 1215 244 1272 latos
268 1217 381 1291 passim,
399 1227 586 1277 revocarunt:
607 1229 645 1286 et,
660 1215 777 1274 vixdum
796 1215 937 1274 instructis
957 1214 1019 1272 acie
1036 1212 1083 1270 fu·

170 1291 202 1358 si,
225 1309 311 1367 supra
333 1292 410 1350 mille
433 1304 462 1351 et
483 1293 653 1368 quingentos
675 1292 780 1352 milites
801 1292 966 1351 amiserunt.
1006 1289 1081 1349 Inde

169 1367 268 1441 ingens
292 1367 407 1437 ferocia,
431 1387 464 1426 su
486 1368 572 1427 eabae
598 1377 701 1444 suopte
726 1367 852 1442 ingenio,
896 1368 956 1426 enti
979 1368 1079 1436 crevit,

169 1443 322 1522 multisque
335 1444 449 1522 proeliis
461 1387 644 1504 hoessebam
657 1444 819 1504 Romanos:
840 1462 854 1502 s
910 1443 1081 1504 intentiores
1134 1458 1139 1477 ⁴

169 1521 207 1580 ad
220 1522 381 1584 cavendum
393 1523 526 1584 consules
539 1541 597 1582 una
610 1540 708 1601 pugna
725 1519 842 1590 fecerat,
861 1521 976 1597 incaute
989 1530 1082 1598 atque

170 1599 331 1660 inconsulte
352 1601 433 1660 inita.
481 1600 620 1661 Restituit
642 1611 741 1660 minen
760 1599 807 1658 bis
828 1596 947 1666 animos,
970 1609 1001 1656 et
1024 1598 1082 1657 illis

173 1677 276 1738 minuit
297 1679 457 1750 audaciam,
470 1697 558 1759 parva
571 1696 630 1740 una
642 1697 697 1737 res.
710 1676 762 1736 sed
784 1678 814 1734 in
835 1675 911 1735 bello
937 1674 1007 1732 nihil
1020 1685 1083 1734 tarn

172 1755 235 1814 leve
249 1767 301 1824 est,
322 1757 398 1834 quod
412 1775 470 1815 non
489 1773 612 1832 magnae
624 1753 767 1814 interdum
785 1753 826 1812 rei
847 1764 1026 1812 momentum
1038 1753 1081 1812 fa·

171 1832 238 1890 ciat.
286 1833 323 1890 Τ.
344 1832 480 1896 Quinctio
503 1832 633 1910 Crispino
655 1830 764 1890 Radius
786 1830 952 1910 Campanus
974 1831 1081 1908 hospes

172 1919 242 1975 erat,
256 1908 435 1984 perfamiliari
458 1910 581 1986 hospitio
603 1912 726 1969 'unctua
740 1921 870 1969 creverat
891 1908 1079 1976 consuetudo,

172 1985 249 2060 quod
262 2001 348 2122 aeger
369 1985 478 2046 Romae
498 1987 576 2124 apud
592 1929 616 2047 ὲ
630 2065 634 2070 .

172 2062 278 2120 tionem
318 2080 480 2141 ampanant,
493 2064 515 2124 li
536 2065 650 2126 eraliter
662 2066 838 2143 comiterque
850 2075 966 2124 curatus
979 2064 1083 2123 fuerat.

173 2137 249 2200 Tum
272 2139 388 2212 Badius,
402 2161 568 2232 progressus
590 2155 658 2202 ente
678 2143 824 2212 statimes,
838 2160 911 2220 quae
924 2161 976 2219 pro
999 2154 1084 2218 porta

173 2217 298 2287 stabant,
318 2238 413 2278 vocam
434 2221 596 2296 Crispinum
615 2222 709 2297 jussis.
723 2219 801 2298 quod
824 2219 873 2277 ubi
892 2230 936 2275 est
949 2219 1084 2293 Crispino

173 2297 351 2367 nunciatum,
363 2306 442 2356 ratus
465 2298 637 2375 colloquium
652 2297 775 2356 amicum
790 2313 832 2354 ac
844 2294 1086 2373 familiarequae·

175 2373 206 2442 ri,
233 2386 368 2434 manente
395 2375 540 2444 memoria,
573 2374 661 2434 etiam
686 2375 717 2432 in
749 2371 868 2432 haedo
901 2373 1085 2450 publicorum

162 2449 331 2522 foederum,
345 2451 446 2529 privati
457 2453 536 2532 juris,
548 2452 664 2529 paulum
678 2469 695 2510 a
708 2451 812 2510 cetaria
825 2451 972 2529 processit.
998 2451 1085 2512 Post·
1133 2513 1136 2531 ,

176 2548 262 2606 quam
282 2530 511 2608 inconspectum
524 2545 636 2600 venere,
651 2539 669 2568 ‘⁶
684 2529 814 2590 Provoco
827 2527 883 2599 te,'’
897 2527 996 2606 inquit,
1011 2537 1031 2566 “
1045 2529 1086 2588 ad

79 2679 82 2686 ,
177 2617 195 2642 “
215 2627 351 2684 pugnam,
364 2608 521 2687 Crispine,”
541 2607 658 2668 Badius.
698 2617 716 2646 ‘⁴
730 2605 966 2668 conscendamus
984 2622 1084 2682 equos,
1154 2645 1158 2662 .

177 2691 195 2717 “
215 2688 421 2764 summotisque
432 2687 496 2746 aliis
510 2698 574 2745 uter
593 2686 671 2746 bello
694 2683 793 2749 melior
814 2685 852 2743 sit
871 2684 1085 2744 decernamus.”

176 2759 225 2813 Ad
239 2777 274 2816 ea
293 2763 450 2838 Crispinus,
465 2785 519 2824 nec
542 2765 605 2832 sibi,
626 2763 743 2830 necilli,
757 2762 917 2832 ait,h0stes
931 2761 1039 2830 deesse,
1055 2762 1084 2818 in

175 2835 278 2910 quibus
291 2838 425 2898 virtutem
449 2841 620 2904 ostenduam
638 2860 680 2907 ae,
695 2839 805 2898 etiarnsi
826 2838 854 2894 in
868 2837 930 2895 acie
942 2849 1085 2906 occurrat,

175 2910 392 2978 declinaturum,
417 2932 454 2970 ne
478 2916 532 2972 hos
551 2915 611 2970 itali
634 2915 724 2973 caede
737 2915 867 2971 dextram
886 2913 993 2974 violet:
1015 2935 1084 2974 con·

176 3006 329 3066 versusque
356 2989 464 3048 abibat.
518 2935 670 3048 &ninivem
692 2988 896 3048 ferocinatum
918 2990 1086 3069 Campanus

97 3093 100 3100 ·
177 3068 322 3144 increpare
341 3066 489 3126 mollitiem
509 3067 716 3146 ignaviamque,
730 3077 761 3126 et
781 3087 811 3127 se
824 3067 912 3144 digna
931 3070 1037 3146 probra
1058 3072 1087 3130 in

177 3145 320 3204 insontem
337 3147 441 3223 jacere,
456 3145 627 3226 hospitalem
647 3137 760 3205 hoaiem
774 3147 929 3223 appellans,
950 3147 1086 3208 simulan-

97 3287 99 3294 ,
179 3236 293 3300 temque
314 3242 439 3302 parcere,
453 3225 500 3283 cui
521 3224 592 3284 sciat
605 3242 704 3300 parem
717 3242 748 3284 se
761 3241 819 3282 non
832 3242 904 3282 ease.
925 3223 949 3282 ai
973 3243 1084 3302 parum,
1114 3255 1116 3260 v

178 3300 300 3374 publicis
318 3301 480 3362 foederibus
499 3300 599 3379 ruptis,
618 3301 759 3380 dirempta
771 3300 854 3360 simul
868 3313 898 3360 et
911 3301 1020 3379 privata
1037 3306 1086 3394 ju·
1105 3333 1110 3342 ·

178 3393 210 3432 ra
231 3397 294 3436 esse
314 3391 404 3457 putet,
418 3380 541 3440 badium
555 3380 735 3457 Campanum
749 3377 784 3436 T.
798 3378 932 3444 Quinctio
954 3377 1086 3455 Crispino

159 3449 313 3516 ‘Romano
334 3459 437 3536 palam,
452 3459 565 3520 duobus
585 3456 758 3522 exercitibus
777 3456 968 3531 audientibus,
980 3473 1087 3518 renun-

617 1987 756 2066 rispinum
769 1986 886 2055 Badius,
904 1997 973 2046 ante
986 1986 1082 2046 defec-
1178 2001 1179 2026 l
