2534 4010
194 243 235 301 ta
508 273 514 288 .
547 233 584 295 τ.
611 235 751 330 nrvrr

191 394 317 472 patitur:
344 403 383 462 et,
405 409 575 471 quacunque
598 391 678 452 adire
699 391 846 470 audirique
867 403 974 470 potest,
998 395 1104 455 adhor-

191 483 278 540 tatur,
296 489 331 529 ac
351 481 427 530 stare
445 483 475 530 et
515 489 622 548 ugnare
642 473 746 548 jubet;
765 489 822 530 nec
838 471 917 528 euim
937 471 1007 531 inde
1027 475 1104 532 votis

191 563 243 608 aut
264 549 462 626 imploratione
506 551 584 616 edm,
601 549 653 606 sed
675 549 704 606 ri
727 568 762 608 ao
783 549 895 618 virtute,
919 549 1103 608 eradendum

191 647 265 686 esse.
280 647 332 705 per
345 626 452 684 medias
465 625 542 684 acies'
562 625 637 686 ferro
656 627 731 686 viam
752 627 832 686 fierit
851 642 890 695 et,
910 645 967 706 quo
989 627 1101 687 timoris

191 705 286 762 minus
300 704 345 774 sit,
359 725 395 764 eo
408 705 501 762 minus
514 703 604 763 ferme
623 698 746 782 periculi
759 723 833 764 esse.
873 705 1011 764 Ceterum
1030 723 1101 782 prae

190 782 311 862 strepitu
324 801 359 841 ac
372 783 498 840 tumultu
517 799 571 840 nec
590 782 740 841 consilium
760 801 815 840 nec
838 782 988 861 imperium
1007 783 1100 861 accipi

190 872 314 938 poterat.
328 872 496 938 tantumque
509 861 618 929 aberat,
639 871 673 918 ut
692 879 744 918 sua
764 860 845 936 sigua
865 874 952 940 atque
972 861 1100 920 ordinem

190 951 221 998 et
235 939 331 997 locum
345 951 476 998 nosceret
490 938 580 1008 miles,
602 948 634 995 ut
656 938 702 995 vix
722 937 760 995 ad
782 955 863 996 arma
881 939 1032 1017 capienda,
1051 958 1102 1017 ap·

189 1017 335 1096 tundaque
358 1036 481 1096 pugnae,
502 1025 678 1093 competeret
697 1016 832 1084 animun
860 1017 1103 1094 opprimerentur·

191 1115 248 1172 que
261 1095 385 1174 quidam,
402 1093 512 1153 onerati
532 1093 621 1169 magis
642 1093 695 1163 lna,
716 1111 803 1172 quam
825 1094 915 1153 tectis
934 1104 965 1152 et
989 1107 1051 1153 erat
1069 1096 1101 1152 in·

190 1184 272 1231 tauta
285 1174 405 1250 caligine
419 1174 509 1248 major
522 1189 591 1229 usus
603 1172 725 1242 aurium,
746 1173 832 1251 quam
852 1172 1010 1231 oculorum.
1050 1173 1102 1231 Ad

189 1251 314 1328 gemitus
334 1249 491 1318 vulnerum,
505 1249 637 1328 ictusque
655 1269 806 1328 corporum
826 1263 877 1309 aut
896 1267 1049 1319 armorum,
1071 1263 1102 1309 et

189 1325 300 1385 mixtos
319 1326 506 1404 strepentium
529 1329 751 1406 paventiumque
774 1328 925 1398 clamores,
950 1328 1103 1388 circumfe-

189 1407 293 1462 rebant
307 1424 357 1464 ora
374 1405 539 1483 oculosque.
569 1405 639 1464 'Alii
655 1406 806 1482 fugientes,
828 1407 1019 1483 pugnantium
1039 1407 1103 1484 glo·

189 1485 229 1541 bo
242 1482 322 1552 illati,
337 1483 515 1542 haerebant:
534 1483 604 1542 alios
618 1483 771 1542 redeuntes
790 1483 819 1540 in
842 1484 970 1560 pugnam
991 1496 1103 1542 averte·

189 1562 242 1620 bat
265 1560 436 1639 fugientium
462 1563 581 1640 agmen'
614 1563 739 1631 Deinde,
760 1563 810 1621 ubi
832 1561 862 1620 in
885 1579 985 1619 omnes
1005 1572 1103 1638 partes

189 1639 383 1718 nequicquam
404 1641 529 1719 impetus
552 1641 638 1719 capti,
661 1654 691 1700 et
714 1642 752 1699 ab
775 1640 913 1699 lateribus
932 1643 1047 1698 montes
1064 1657 1102 1700 uc

188 1717 279 1788 lacus,
294 1719 418 1780 afronte
432 1731 462 1778 et
475 1721 512 1776 ab
527 1730 609 1792 tergo
622 1719 746 1774 hostium
767 1716 845 1772 acies
864 1716 1029 1785 claudebat,
1038 1736 1101 1795 ap·
1128 1729 1141 1738 ‘
1215 1794 1216 1809 ἵ

189 1797 341 1876 patuitque
354 1798 470 1862 nullam,
491 1793 545 1848 nisi
564 1793 594 1847 in
615 1792 717 1848 dextra
738 1790 879 1867 ferroque,
901 1790 1001 1848 salutis
1020 1811 1103 1868 spem

189 1893 272 1940 esse;
292 1885 353 1929 tum
367 1872 421 1929 sibl
435 1869 553 1946 quisque
567 1867 627 1924 dux
640 1865 864 1944 adhortatorque
875 1867 970 1925 factus
983 1868 1021 1926 ad
1040 1888 1102 1929 rem

188 1949 353 2026 gerendam,
374 1957 404 2004 et
426 1963 500 2003 nova
522 1944 560 2001 de
582 1944 694 2022 integro
711 1963 809 2024 pugna
832 1957 933 2005 exorta
955 1958 1017 2016 estr
1042 1967 1102 2007 non

189 2025 238 2084 illa
257 2025 388 2082 ordinata
407 2043 458 2101 per
479 2022 621 2102 principes
644 2025 830 2102 hastatosque
852 2043 889 2084 ae
905 2024 1026 2098 triarios,
1045 2045 1101 2086 nec

189 2116 222 2162 ut
236 2122 287 2178 pro
301 2101 389 2178 signis
402 2103 591 2180 antesignani,
606 2114 671 2181 post
684 2103 765 2182 signa
777 2103 834 2162 alia
846 2115 988 2182 pugnaret
1007 2106 1101 2172 eeies;

188 2198 243 2238 nec
260 2190 291 2238 ut
304 2179 333 2237 in
347 2199 401 2240 sua
413 2181 526 2258 legione
540 2180 630 2249 miles,
651 2194 702 2238 aut
723 2181 851 2249 cohorte,
872 2194 923 2238 aut
943 2181 1099 2258 manipulo,

188 2268 276 2317 esset.
301 2258 387 2318 ,Fors
401 2260 565 2335 conglobat,
579 2268 609 2315 et
623 2258 734 2316 animus
755 2276 823 2315 suus
846 2259 950 2333 cuique
968 2268 1036 2315 ante
1049 2271 1101 2317 aut
1171 2307 1176 2314 .

188 2347 260 2413 post
269 2335 417 2415 pugnandi
431 2335 559 2394 ordinem
573 2335 680 2393 dabat:
702 2347 856 2410 tantusque
877 2334 932 2392 fuit
951 2334 1036 2392 ardor
1055 2354 1100 2396 ar·

189 2433 311 2484 morum,
331 2415 406 2474 adeo
423 2414 550 2472 intentus
569 2431 683 2490 pugnae
703 2411 824 2480 animus,
845 2421 878 2470 ut
898 2431 966 2470 eum
988 2423 1102 2472 motum

189 2506 293 2564 tetrae,
327 2493 375 2572 qui
407 2491 562 2555 multatum
591 2491 703 2550 urbium
730 2489 833 2548 Italiae
859 2508 978 2568 magnas
1004 2501 1101 2568 partes

189 2573 352 2650 prostravit,
371 2571 529 2649 avertitque
552 2589 638 2628 cursu
661 2569 761 2647 rapido
778 2587 888 2638 amnes,
907 2587 986 2628 mare
1006 2569 1101 2628 flumi-

187 2650 275 2738 nibus
288 2651 404 2720 invexit,
425 2657 537 2710 montet
555 2649 637 2728 lapsu
656 2647 766 2727 ingenti
785 2648 903 2728 proruit,
924 2667 1009 2709 nemo
1027 2667 1102 2727 pug-

189 2737 320 2783 nanuum
334 2730 465 2788 senserit.

233 2800 282 2858 v1.
323 2801 409 2872 Tana
427 2805 516 2862 ferme
536 2806 620 2862 horas
641 2807 799 2878 pugnatum
821 2812 873 2870 est,
895 2813 925 2859 et
942 2801 1050 2877 ubique
1069 2821 1101 2860 a·

190 2879 316 2938 truciter.
330 2879 406 2937 circa
426 2881 573 2937 consulem
593 2890 689 2935 tamen
710 2878 801 2935 acrior
823 2878 1008 2954 infestiorque
1027 2897 1100 2955 pug-

188 2974 227 3016 na
246 2967 299 3016 est.
340 2955 416 3015 Eum
434 2967 465 3014 et
487 2956 591 3013 robora
611 2955 732 3012 virorum
755 2955 958 3032 sequebantur,
977 2956 1007 3016 et
1027 2955 1098 3032 ipse,

190 3053 360 3114 quacunque
386 3033 416 3090 iu
440 3043 522 3112 parte
544 3034 635 3112 premi
658 3050 693 3089 ae
712 3031 844 3092 laborare
867 3045 996 3092 senserat
1022 3051 1099 3106 suos,

189 3113 310 3192 impigre
335 3112 447 3171 ferebat
473 3131 580 3190 opem;
612 3111 810 3190 insignemque
830 3111 917 3170 armis
940 3121 971 3171 et
997 3111 1098 3174 hoster

189 3192 302 3252 summa
316 3202 343 3248 vt
357 3192 505 3282 petebant,
526 3201 557 3250 et
570 3192 726 3250 tuebantur
745 3191 840 3282 nives:
861 3190 954 3249 donec
977 3191 1100 3252 Insuber

191 3267 920 3426 ttttsllttt‘t,ttttnt‘tlltttttttt
928 3282 1099 3424 dimili}

194 3433 212 3462 “
225 3427 353 3505 legiones
367 3438 477 3486 nostras
488 3425 606 3497 cecidit,
627 3444 768 3505 agrosque
781 3438 811 3485 et
824 3427 926 3486 urbem
948 3391 997 3488 esd
1010 3425 1098 3500 depo·

182 3507 213 3570 ,“
225 3506 350 3579 palatus.
388 3505 456 3580 Jam
479 3523 534 3586 ego
553 3506 630 3566 hauc
649 3503 794 3565 victimam
817 3505 949 3566 manibus
969 3519 1102 3582 peremp-
