2386 3930
170 213 229 277 us
482 271 486 278 .
521 207 558 278 Τ.
585 205 742 276 ΙιΙῊΙΔ

167 367 266 428 matris
279 367 421 438 Matutae,
442 379 471 430 et
496 368 563 446 Spei
582 378 665 427 extra
683 375 806 444 portam,
820 365 877 427 tete
891 377 1021 443 vagatus,
1033 363 1081 446 igr

170 444 214 504 uis
228 465 308 504 sacra
319 447 489 524 profanaque
503 445 593 504 multa
606 444 777 522 absumpsit.

207 523 346 582 XLVIII.
386 523 502 582 Eoum
523 542 598 581 auno
619 522 653 581 P.
670 534 700 582 et
715 522 769 580 Gn.
783 519 914 590 Cornelii,
936 541 1026 598 quum
1046 521 1081 580 ia

169 600 309 678 Hispania
328 620 373 660 res
394 619 547 679 prosperae
561 611 666 669 essent,
682 599 841 676 multosque
856 611 885 656 et
898 610 1008 658 veteres
1030 618 1098 658 re·.

169 678 294 754 ciperent
314 679 416 748 socios,
431 692 461 738 et
484 699 573 740 novos
597 679 761 756 adjicerent,
774 677 802 734 in
821 675 947 734 Africam
959 695 1081 755 quoque

167 774 247 832 spem
262 756 462 815 extenderunt.
503 757 622 834 Syphax
636 768 706 825 erat,
720 773 771 814 rex
786 754 983 822 Numidarum,
997 753 1082 812 suhi·

166 843 197 892 to
216 832 505 910 Karthaginiensibus
524 835 615 904 hostis
627 834 740 892 faetus:
760 833 798 892 ad
816 851 881 890 eum
896 833 1086 892 centuriones

166 919 225 968 tres
239 910 350 987 legatos
370 913 517 980 miserunt,
532 914 580 990 qni
600 931 666 972 oum
679 929 714 970 eo
728 910 883 970 amicitiam
896 911 1082 970 societatem-

168 1007 224 1064 que
245 989 396 1059 secenum
425 1005 455 1050 et
481 991 690 1068 pollicerentur,
715 989 738 1046 si
760 999 955 1066 perseveraret
977 1006 1085 1064 urgere

168 1067 247 1126 bello
262 1067 524 1145 Karthaginienses,
537 1077 647 1144 gratam
662 1085 726 1125 eam
747 1085 807 1125 rem
820 1065 881 1124 fore
902 1065 1012 1125 senatui
1026 1083 1087 1142 po·

169 1144 295 1222 palaque
316 1145 457 1214 Romano,
472 1157 501 1204 et
519 1145 676 1216 adnisuros,
698 1156 730 1204 ut
750 1144 781 1202 in
801 1156 929 1220 ternpore
950 1153 980 1202 et
1004 1143 1086 1204 bene

169 1222 344 1280 cumulatam
364 1224 484 1297 gratiam
504 1221 636 1281 reserant.
676 1223 768 1280 Grata
781 1240 816 1280 ea
836 1220 941 1297 legatio
957 1221 1090 1280 barbaro,

167 1298 240 1356 fuit:
270 1297 486 1374 collocutusque
506 1318 573 1356 cum
594 1298 694 1373 legatis
708 1299 745 1356 de
758 1299 869 1358 ratione
891 1298 957 1358 belli
977 1317 1086 1374 gerun-

168 1375 206 1440 di,
231 1387 263 1430 ut
282 1383 408 1430 veterum
429 1374 550 1430 miiitum
568 1376 655 1431 verba
675 1374 792 1441 audivit,
815 1377 1087 1450 quammultarum

167 1469 261 1508 rerum
282 1449 342 1526 ipse
366 1450 481 1528 ignarus
500 1463 587 1520 esset,
601 1471 637 1508 ex
659 1449 870 1528 comparatione
892 1463 952 1508 tam
967 1453 1087 1518 ordina·
1148 1453 1151 1458 ’

168 1537 216 1588 tae
230 1527 405 1606 disciplinae,
420 1529 547 1588 animum
567 1527 698 1588 advertit.
738 1527 823 1595 Tum,
838 1527 959 1604 primum
975 1540 1008 1586 ut
1028 1549 1088 1606 pro

167 1607 253 1666 bonis
273 1625 307 1664 ae
326 1606 459 1684 fidelihus
479 1607 563 1665 sociis
576 1607 714 1675 fecerent,
728 1605 827 1674 oravit,
841 1618 874 1665 ut
886 1606 945 1664 duo
962 1606 1089 1682 legatio·

169 1703 237 1744 nem
251 1684 389 1744 referrent
402 1686 440 1744 ad
460 1687 644 1763 imperatores
662 1704 747 1752 sacer
767 1703 841 1740 unus
854 1683 931 1761 apud
944 1703 1009 1742 sese
1022 1703 1089 1744 ma.

170 1763 260 1838 gister
272 1763 313 1821 rei
332 1763 459 1822 militaris
478 1775 658 1822 remaneret:
678 1761 778 1820 rudem
792 1760 828 1818 ad
850 1761 992 1837 pedestria
1005 1761 1089 1820 bella

172 1839 365 1910 Numidarum¹
388 1853 504 1917 gentem
528 1857 600 1910 esse,
624 1838 703 1916 equis
724 1850 838 1898 tantum
858 1837 994 1896 hahilem.
1034 1839 1088 1900 Ita

168 1921 229 1996 jam
252 1917 351 1976 indea
374 1918 517 1995 principiis
530 1918 623 1994 gentis
638 1920 759 1996 majores
773 1933 840 1976 suos
853 1915 930 1976 belia
949 1916 1086 1993 gessisse,

171 1995 212 2054 ita
232 2012 301 2052 sea
322 1995 416 2071 pueris
440 1995 577 2054 insuetos.
619 1994 676 2054 Sed
696 1995 803 2054 habere
823 1994 937 2052 hostem
957 1992 1087 2071 pedestri

170 2072 309 2130 fidentem
334 2071 449 2141 Marte3
477 2073 524 2132 oui
545 2074 568 2132 si
588 2074 708 2152 aequari
725 2075 828 2132 robore
848 2072 948 2130 virium
962 2071 1038 2140 velit,
1054 2086 1087 2132 et

171 2149 226 2206 sibi
240 2149 351 2224 pedites
364 2151 572 2229 comparandos
592 2171 674 2210 esser
695 2162 725 2210 et
739 2151 776 2209 ad
794 2151 823 2210 id
837 2149 1019 2208 multitudine
1032 2149 1087 2211 ho.-

171 2224 280 2284 minum
302 2247 422 2304 regnum
442 2230 608 2296 abundare;
632 2229 683 2288 sed
703 2228 840 2297 armandi,
855 2227 1039 2302 amandique,
1056 2240 1089 2287 et

172 2303 330 2362 instruendi
354 2325 413 2374 eos,
427 2317 518 2364 artem
541 2305 680 2380 ignorare.
700 2305 806 2374 omnia,
820 2306 899 2364 velut
914 2304 996 2364 -forte
1014 2323 1087 2362 oon·

171 2383 292 2460 gregata
313 2384 500 2451 turbaverat
519 2400 554 2440 ac
575 2382 725 2442 temeraria
745 2402 817 2442 esse.
858 2383 995 2443 Facturus
1009 2400 1039 2440 se
1053 2383 1086 2442 ia

171 2459 342 2538 praesentia,
367 2460 443 2537 quod
468 2459 562 2529 veliet,
587 2460 673 2536 legati
697 2460 927 2538 responderunt;
955 2458 1012 2518 fide
1035 2477 1087 2520 ac·
1178 2505 1179 2524 ,

173 2539 267 2616 cepta,
290 2549 322 2596 ut
342 2538 500 2598 remitteret
521 2539 667 2616 extempio
691 2557 768 2606 eum,
793 2540 816 2598 si
831 2539 1016 2614 imperatores
1039 2537 1089 2596 sui

173 2633 231 2672 non
259 2617 495 2694 comprobhasent
518 2615 635 2676 iactum.
675 2618 712 2682 Q.
742 2617 866 2683 Statorio
892 2633 997 2674 nomen
1020 2612 1087 2684 suit,

172 2692 221 2766 qui
242 2694 279 2749 ad
299 2711 396 2770 regem
411 2695 554 2753 remansit.
595 2693 669 2754 Cum
684 2694 797 2754 duobus
814 2693 951 2752 Romanis
971 2691 1087 2770 reliquis

174 2765 301 2825 Numida
322 2773 432 2848 legatos
453 2775 482 2830 in
504 2773 673 2849 Hispaniam
693 2771 818 2834 misitad
832 2770 1029 2845 accipiendam
1052 2770 1087 2828 fi-

170 2843 304 2906 damah
332 2849 551 2922 imperatoribus
575 2848 721 2905 Romanis·
746 2847 843 2906 iisdem
865 2845 1020 2914 mandavit,
1050 2861 1085 2911 ut

173 2919 303 2998 protinus
319 2923 468 2989 Numidas,
490 2924 538 2998 qai
558 2923 632 3000 iutra
645 2921 784 2997 praesidia
798 2920 1086 2996 Karthaginiensium

173 2995 325 3066 auxiiieres
346 3009 451 3068 essent,
466 2999 503 3055 ad
526 2997 723 3056 transitionem
741 2996 921 3072 perlicerent.
961 2998 1001 3056 Et
1017 3002 1086 3060 ¹Sta·

175 3076 264 3136 tori-ns
285 3095 325 3134 ex
349 3075 437 3134 muita
457 3079 607 3154 juventute
622 3073 680 3153 regi
702 3074 812 3153 pedites
833 3076 1021 3153 conscripsit:
1040 3099 1085 3136 or·

175 3155 344 3232 dinatosque
370 3155 499 3232 proxime
526 3173 634 3212 morem
663 3155 836 3222 Romanum,
863 3153 1031 3214 instruendo
1056 3169 1086 3226 et

175 3232 354 3292 decurrendo
375 3232 455 3309 signa
476 3233 565 3311 sequi,
591 3243 621 3290 et
644 3251 755 3291 servare
775 3231 897 3300 ordines,
918 3233 1036 3292 docuit:
1056 3247 1086 3294 et

174 3310 256 3388 operi
274 3311 394 3390 aliisque
414 3311 499 3389 justis
519 3311 687 3370 militaribus
709 3311 750 3368 ita
770 3307 931 3380 assuefecit,
953 3321 986 3368 ut
1006 3311 1086 3370 breui

178 3405 229 3446 rex
249 3408 307 3448 non
327 3389 414 3468 equiti
435 3389 525 3468 magis
547 3388 657 3459 fideret,
672 3407 756 3468 quam
781 3388 903 3466 peditir.
918 3388 1084 3464 collatisque

178 3479 271 3541 aequo
285 3487 388 3549 campo
409 3468 496 3548 signis
513 3471 590 3548 justo
603 3467 712 3545 proelio
733 3465 1000 3546 Karthaginiensem
1017 3463 1084 3524 hos·
