2386 3930
457 215 615 278 LIBER
634 203 728 278 XXV.
955 283 957 288 ,
985 220 1043 322 dlii

138 373 311 452 Considibirs
335 372 443 434 ballam
467 394 533 434 eum
561 373 735 442 Hannibale,
760 383 791 432 et
813 370 899 432 binae
919 372 1046 449 legiones

139 451 292 514 decretae:
316 452 389 510 alter
412 470 429 509 a
449 453 487 516 Q·
500 453 597 521 Fabio,
612 450 764 530 superioris
784 450 851 510 anni
865 451 991 519 consule,
1006 451 1046 510 al·

138 539 183 590 ter
202 550 219 588 a
241 531 339 590 Fulvio
359 529 541 598 Centumalo,
563 531 714 606 acciperet.
755 528 933 598 Praetorum,
956 529 1047 588 Fulvii

140 609 243 677 Flacci,
266 627 342 686 quae
365 607 506 667 Luceriae
528 609 583 674 sub
607 609 732 666 Aemilio
758 621 901 684 praetore,
926 606 1048 666 Neronis

140 687 264 756 Claudii,
277 703 351 763 quae
372 687 402 746 in
425 685 532 744 Piceno
553 685 607 742 sub
628 685 663 744 C.
677 685 812 744 Terentio
834 685 964 753 fuissent,
979 684 1048 760 legis
1080 719 1090 750 i

137 785 209 824 ones
223 775 336 831 essent3
349 763 579 841 supplementum
594 763 623 820 io
633 781 682 822 eas
696 759 815 839 quisque
825 765 963 822 scriberet
975 762 1048 822 sibi:

139 844 186 902 Μ.
199 841 288 902 Junio
305 841 335 900 in
350 842 460 901 Tuscos
480 841 607 918 legiones
622 841 748 898 urbanae
761 841 861 916 prioris
873 841 941 898 anni
954 841 1048 902 datae.

139 921 186 978 Ti.
208 919 379 996 sempronio
393 918 527 978 Graccho
551 930 581 976 et
602 919 635 976 Ρ.
652 914 824 995 Sempronio
839 917 982 978 Tuditano
997 921 1049 978 im·

139 997 259 1078 perium,
280 997 499 1076 proiiociaeque
520 997 631 1056 Lucani
652 1008 682 1055 et
697 995 810 1054 Galliae
831 1013 899 1054 cum
919 997 976 1054 suis
999 1017 1049 1054 ex-

139 1077 276 1136 ercitibus
294 1073 481 1154 pmrogataer
509 1075 633 1135 itemnP.
654 1074 790 1142 Lentulo,
811 1074 869 1151 quai
881 1084 973 1132 vetus
987 1093 1050 1151 pro·

140 1155 233 1212 vineis
253 1155 283 1211 in
306 1154 401 1212 Sicilia
422 1163 515 1220 esset;
544 1153 589 1212 Μ.
603 1151 743 1212 Marcello
766 1152 938 1230 Syracusae,
950 1164 980 1212 et
994 1154 1051 1229 quai

140 1231 277 1291 Hieronis
290 1250 420 1307 regnum
439 1230 558 1290 fuisset:
590 1229 625 1288 T.
640 1230 764 1291 Otacilio
785 1230 900 1290 classis:
928 1229 1052 1289 Graecia

140 1309 187 1368 M.
202 1310 335 1367 Valerio:
367 1308 497 1368 Sardinia
513 1311 549 1374 Q.
570 1308 672 1368 Mucio
690 1308 871 1370 Scaevolae:
894 1307 1053 1386 Hispaniae

140 1387 174 1446 P.
188 1397 219 1448 et
238 1388 293 1446 Gn.
313 1387 461 1449 Corneliis.
502 1387 552 1446 Ad
569 1397 681 1447 veteres
704 1388 848 1448 exercitus
867 1386 943 1446 duae
967 1388 1052 1446 arba-

138 1484 196 1526 nae
218 1464 555 1544 legionesaoonsulibus
578 1465 711 1540 scalptae,
724 1483 892 1541 summaque
912 1467 997 1522 trium
1021 1481 1051 1524 et

140 1544 240 1620 viginti
262 1544 408 1618 legionum
422 1559 458 1600 eo
470 1558 547 1598 anno
561 1539 665 1598 effecta
678 1550 731 1598 est.
772 1541 928 1598 Deiectum
948 1559 1051 1599 consu·

140 1623 201 1680 lum
214 1621 260 1678 M.
274 1619 414 1678 Postumii
434 1615 588 1694 Pyrgensis
602 1635 669 1674 cum
688 1636 794 1693 magno
833 1637 902 1694 rope
916 1630 996 1676 motu
1009 1639 1053 1680 rc·

140 1717 204 1758 rum
224 1699 333 1756 factum
356 1695 493 1774 impediit.
534 1692 710 1754 Publicanos
729 1707 791 1754 erat
811 1637 985 1762 hortamina
1006 1699 1053 1772 qui

139 1776 239 1836 multis
252 1777 334 1834 annis
357 1792 455 1852 parem
474 1771 576 1831 fraude
589 1774 763 1851 avaritiaque
776 1773 920 1832 neminem
944 1774 973 1830 in
987 1775 1057 1832 eivi-

138 1867 201 1914 tate
236 1853 385 1922 habuerat,
409 1856 526 1930 'praeter
558 1851 594 1910 T.
629 1851 819 1929 Pomponium
852 1851 1054 1930 Vejentanum,

139 1951 237 2012 qoem,
251 1930 438 2008 populantem
458 1941 565 1989 temere
579 1949 662 2007 agros
675 1931 704 1988 in
717 1930 853 1999 Lucanis,
868 1930 958 1990 ductu
973 1931 1055 1990 Han-

141 2011 226 2070 nonis
246 2007 341 2085 priore
361 2027 438 2066 anno
459 2019 595 2085 ceperant
616 2009 890 2086 Karthaginienses,
923 2009 974 2076 Hi,
989 2012 1055 2086 quis

142 2086 291 2166 publicum
314 2085 472 2164 periculum
493 2095 593 2144 erata
613 2087 640 2144 vi
664 2089 842 2164 tempestatis
865 2090 894 2148 in
917 2089 960 2157 iis,
983 2105 1056 2165 quae

140 2175 324 2244 portarentur
346 2163 384 2222 ad
407 2163 559 2232 exercitus,
583 2175 614 2224 et
633 2165 764 2224 ementiti
788 2177 869 2224 erant
891 2167 962 2225 falsa
985 2185 1055 2226 nau·

140 2243 240 2320 fragia,
254 2254 286 2304 et
308 2261 344 2302 ea
367 2243 438 2320 ipsa,
453 2261 527 2320 quae
540 2261 606 2304 vera
625 2242 871 2313 renunciaverant,
891 2243 992 2305 fraude
1011 2247 1054 2323 ip-

139 2341 239 2382 sorum
255 2321 340 2382 -faeta
362 2333 453 2392 erant,
468 2339 524 2380 non
545 2339 625 2381 casu.
638 2322 668 2380 in
681 2332 791 2382 veteres
813 2341 987 2403 quassasque
998 2321 1057 2384 'na-

143 2417 196 2458 ves
209 2400 308 2476 paum‘s
327 2412 356 2458 et
379 2400 457 2476 parvi
480 2400 564 2477 pretii
580 2402 667 2460 rebus
679 2400 828 2478 impositis,
842 2421 930 2479 quum
944 2404 1072 2461 mersis··

140 2489 208 2538 sent
220 2495 271 2540 eas
294 2477 324 2534 in
335 2477 405 2545 alto,
424 2479 552 2557 exceptis
564 2478 594 2536 in
618 2491 800 2557 praeparatas
814 2481 937 2556 scaphas
951 2481 1055 2550 nautis,

141 2555 316 2632 multiplices
338 2554 426 2614 fuisse
449 2573 559 2616 merces
579 2557 818 2618 ementiebantur.
859 2556 994 2614 Eafraus
1013 2558 1055 2618 in-

142 2631 240 2692 dicata
254 2633 298 2690 Μ.
318 2632 408 2692 Atilio
421 2635 544 2709 praetori
558 2636 650 2710 priore
663 2655 739 2694 anno
752 2634 855 2704 fuerat,
870 2653 905 2692 ac
925 2655 976 2712 per
990 2647 1065 2714 eum'

141 2711 182 2770 ad
196 2723 327 2770 senatum
351 2710 457 2778 delata,
472 2729 526 2771 nee
550 2723 646 2772 tamen
671 2713 729 2770 ullo
744 2714 991 2774 senatusconsulto
1005 2737 1056 2780 no-

143 2802 206 2850 teta
216 2811 228 2856 ;‘
245 2790 310 2867 quia
324 2788 425 2849 Patres
439 2790 567 2848 ordinem
588 2790 805 2866 publicanorum
816 2791 849 2850 in
862 2792 912 2852 tali
926 2805 1055 2874 tempore

142 2868 284 2928 offensum
306 2867 453 2928 nolebant.
494 2868 622 2946 Populus
643 2870 766 2928 severior
782 2871 887 2930 vindex
898 2871 1006 2934 fraudis
1026 2893 1055 2933 e-

143 2955 204 3012 ra‘t;
233 2947 413 3024 excitatique.
430 2947 548 3006 tandem
570 2946 628 3006 duo
648 2944 754 3008 tributii
775 2949 876 3026 plebis,
899 2952 948 3029 Sp.
968 2965 998 3010 et
1018 2953 1053 3010 L.

139 3025 269 3093 ¹Carvilii,
284 3043 371 3100 quum
394 3043 455 3082 rem
478 3026 598 3084 invisam
617 3025 809 3105 infamemque
823 3041 981 3104 cernerent,
1002 3029 1055 3086 dn-

60 3146 64 3155 .
140 3103 264 3161 censam
284 3100 403 3160 millium
423 3103 498 3160 aeris
519 3104 657 3162 mulctam
681 3105 725 3162 M.
740 3106 888 3166 Postumio
910 3107 1054 3166 dixerunt.

139 3179 192 3238 eui
217 3178 371 3237 certandae
394 3197 482 3256 quum
502 3180 564 3238 dies
581 3181 751 3250 advenisset,
766 3185 976 3262 conciliumque
996 3199 1055 3242 tarn

140 3258 278 3334 frequens
300 3256 393 3334 plebis
416 3256 540 3325 adesset,
561 3269 594 3318 ut
616 3260 828 3322 multitudinem
842 3280 909 3323 area
923 3263 1056 3338 Capitolii

145 3335 193 3394 vix
214 3347 349 3411 caperem
376 3337 510 3413 peroratis
529 3339 625 3406 eausa,
646 3355 711 3416 spes
734 3357 792 3398 una
811 3341 961 3400 videbatur
983 3359 1055 3408 esse,

143 3415 170 3476 ai
195 3415 229 3473 C.
255 3411 388 3474 Servilius
410 3413 511 3482 Casca,
532 3413 663 3474 tribunus
686 3418 787 3493 plebis,
810 3417 858 3494 qui
882 3417 1056 3552 prqpinquus

8 3571 9 3614 1
143 3501 343 3578 cognatusque
367 3490 516 3554 Postumio
530 3504 600 3565 orat,
615 3494 701 3571 prius,
723 3513 813 3587 quam.
831 3495 869 3554 ad
892 3513 924 3554 su
947 3497 1057 3574 sagium
