2534 4010
193 217 229 276 16
544 209 578 268 Τ.
608 205 749 270 trvtt

191 372 270 438 isset,
292 365 423 443 accipere
443 385 475 425 se
495 387 596 437 ournes
621 368 848 446 responderunt,
860 381 902 439 et,
929 371 1033 448 quibus
1053 390 1104 434 ac·
1154 413 1159 418 -

190 451 317 528 ciperem
332 444 443 513 animis,
458 445 558 504 iisdem
573 465 604 504 se
615 460 758 523 gesturos.
868 511 871 518 ¹

229 522 312 588 XIX.
352 523 448 588 Hauc
480 524 590 584 directa
623 525 820 602 percunctatio
850 544 885 598 ac
918 523 1104 588 denunciatio

190 603 258 662 belli
278 601 371 677 magis
383 620 421 658 ex
440 600 580 678 dignitate
600 604 697 681 populi
720 600 843 664 Romani
863 605 922 667 risa
940 615 1104 684 estunam
1139 631 1141 636 ¹

190 681 227 740 de
247 679 396 738 foederum
414 682 478 756 jure
499 683 594 742 verbis
608 683 784 760 disceptare,
816 701 903 760 quum
933 695 1010 753 ante,
1041 697 1108 746 tum

90 762 99 770 '
190 759 315 818 rnaxonc
329 757 459 833 Sagunto
467 759 579 828 excisa.
596 779 677 829 narn,
700 761 721 816 si
744 762 895 829 verborum
919 761 1106 840 disceptatio·-

189 837 233 894 nis
253 855 298 898 res
312 847 398 904 esset,
419 835 487 912 quid
506 837 608 911 foedus
630 837 819 897 Hasdrubalis
840 859 914 907 cum
926 841 1036 902 Lutatii
1049 843 1108 919 pri·

190 935 240 974 ure
259 914 384 983 foedere,
406 915 482 991 quod
504 927 645 974 mutatum
666 929 729 984 est,
761 920 987 993 comparandum
1016 918 1105 978 erat?

191 1013 279 1070 quum
304 992 336 1056 in
357 992 467 1054 Lutatii
487 993 602 1050 foedere
626 992 731 1051 diserte
751 993 881 1052 additum
901 1009 989 1065 esset,
1011 999 1057 1054 Ita
1075 997 1106 1054 id

193 1085 286 1136 ratum
319 1069 390 1142 iore,
425 1071 448 1128 si
481 1070 604 1146 populus
623 1071 814 1140 ,censuisset3
854 1069 883 1128 in
911 1073 1107 1132 Hasdrubalis
1215 1117 1216 1132 t

190 1151 306 1210 l'eedere
326 1169 380 1213 nec
397 1158 550 1224 exceptum
571 1148 629 1211 tale
649 1149 802 1228 quicquam
822 1148 916 1219 fuerit,
942 1162 1034 1209 attat
1054 1169 1106 1210 ans
1176 1201 1181 1208 .

192 1248 292 1287 norum
307 1227 425 1296 silentio
439 1225 486 1287 ita
502 1229 569 1298 yivo
590 1247 625 1286 eo
645 1229 865 1305 comprobatum
885 1229 1050 1298 sit-foedus,
1072 1243 1105 1288 ut

191 1326 229 1364 ne
242 1317 355 1364 mortuo
370 1305 484 1382 quidem
499 1322 618 1366 auctore
631 1307 783 1382 quicquam
797 1316 965 1374 mutaretur.
1006 1309 1107 1374 Quan-

78 1401 90 1460 2
192 1401 286 1460 eluant,
311 1383 365 1442 etsi
385 1384 482 1472 priore
506 1383 626 1448 foedere
649 1395 781 1453 staretur,
806 1384 874 1442 satis
901 1397 1019 1450 cautium
1044 1395 1106 1444 crat

193 1461 371 1536 Saguntinis,
403 1463 493 1529 tiociis¹
520 1474 707 1540 utrorumque
740 1463 877 1540 exceptis.
910 1481 977 1529 pam
1010 1482 1107 1539 neque

192 1539 321 1599 additum
343 1549 414 1608 erat,
443 1550 461 1577 “
475 1542 517 1610 iis,
541 1542 589 1618 qui
603 1552 681 1610 ,tunc
705 1539 838 1612 essent?
852 1558 927 1610 -nec,
959 1549 1028 1605 ‘tna
1055 1540 1106 1617 qui

193 1627 210 1656 “
225 1633 326 1694 postea
342 1620 580 1688 assitmerenturl'
622 1619 779 1697 Euenum
791 1637 944 1686 assumere
964 1637 1057 1680 nouos
1073 1618 1107 1674 li-

193 1708 271 1754 eeret
283 1695 389 1764 sucus,
409 1699 473 1774 quis
485 1717 609 1773 aequum
623 1709 761 1762 censeret,
782 1699 887 1752 auton
906 1697 988 1753 nulla
1005 1715 1106 1772 quem·

193 1794 278 1851 quarn
293 1776 394 1842 uterina
414 1779 444 1830 in
457 1774 612 1830 amicitiam
626 1771 735 1844 recipi?
758 1781 809 1829 aut
822 1784 955 1846 receptus
966 1772 998 1836 iu
1017 1772 1107 1833 Mam

193 1873 250 1918 uon
275 1851 414 1910 defendi?
435 1859 556 1912 tantum,
581 1865 619 1904 ne
647 1845 929 1922 Karthaginiensium
957 1849 1028 1916 socii
1054 1860 1107 1910 aut

193 1926 416 1992 sollicitarentur,
434 1924 470 1980 ad
492 1922 693 1992 defectionem,
716 1937 776 1998 auti
801 1926 855 1988 sua
872 1937 975 2004 sponte
998 1927 1106 1988 descis-

193 2017 301 2068 centes,
325 2002 527 2078 reciperentur.
568 2001 671 2080 Legati
699 2002 823 2070 Rotnani
850 2005 887 2064 ab
916 2005 1108 2081 Karthagine,

192 2083 266 2140 sicut
285 2079 329 2136 nis
354 2079 466 2143 Rornae
487 2080 659 2156 imperatum
682 2094 756 2152 erat,
776 2082 805 2140 in
828 2083 1008 2162 Hispaniam,
1030 2095 1111 2152 uam

193 2159 294 2226 dicentn
308 2157 451 2228 civitates„
469 2170 501 2218 ut
521 2159 550 2216 in
571 2159 742 2226 societatem
757 2160 936 2236 pellicerent,
956 2171 1007 2221 aut
1026 2177 1110 2222 arer-

176 2249 286 2296 -tereut
312 2256 330 2294 a
357 2237 471 2306 Poenis,
498 2239 679 2312 trajecerunt
728 2235 777 2297 Au
802 2236 956 2312 Bargusios
971 2237 1108 2314 primum

193 2328 351 2380 renuunt:
384 2333 402 2372 a
437 2315 540 2391 quibus
568 2314 691 2390 benigue
718 2314 843 2390 excepti,
870 2311 936 2392 quia
968 2315 1108 2380 taedebat

192 2393 303 2470 imperii
326 2393 436 2460 Punici,
462 2391 567 2452 multos
591 2405 669 2452 trans
689 2392 805 2462 iberum
825 2393 948 2469 populos
966 2393 1005 2452 ed
1026 2393 1112 2470 cupi.

193 2471 288 2546 dinem
312 2489 404 2530 novae
427 2469 559 2530 fortunae
584 2480 744 2540 erexerunt.
787 2469 835 2529 Ad
858 2470 1013 2530 Volcianos
1039 2471 1110 2530 inde

193 2564 236 2610 est
251 2561 367 2620 ventum
379 2572 396 2609 a
408 2567 528 2628 quorum
543 2549 656 2610 celebre
676 2569 727 2625 per
747 2547 919 2625 Hispaniam
939 2567 1108 2626 responsum

193 2641 305 2688 eeteros
323 2630 444 2706 populos
465 2630 502 2686 ab
523 2628 661 2688 societate
684 2626 1008 2698 demandaveramus
1030 2626 1108 2688 enim

194 2705 338 2768 maximus
349 2720 420 2766 natu
435 2727 471 2765 ex
485 2707 519 2766 iis
541 2707 571 2764 in
585 2706 714 2776 ‘concilio
725 2705 901 2782 ¹respuendus
924 2715 942 2743 “
956 2707 1039 2768 Quae
1059 2723 1109 2761 ve-

195 2791 213 2828 t‘
227 2781 364 2838 rectmdia
391 2796 446 2850 est,
478 2784 611 2848 Romani,
643 2781 791 2855 postulare
817 2797 888 2845 vos,
908 2779 949 2844 uti
983 2788 1107 2842 vestram

195 2857 514 2932 “Karthaginiensium
535 2857 678 2914 amicitiae
698 2871 917 2930 praeponamus,
938 2873 1036 2930 quum,
1058 2856 1108 2930 qui

180 2943 213 2978 '⁶‘
228 2934 256 2990 id
271 2935 410 3002 fecerunt,
427 2932 600 3008 Saguntinos
612 2931 766 2998 crudelius,
780 2949 866 3008 quarn
881 2929 998 2992 Poenus
1015 2931 1108 2992 hostis

195 3023 211 3048 ‘⁶
226 3011 358 3087 perdidit,
378 3031 433 3080 ¹vos
457 3009 525 3072 socii
546 3007 749 3086 prodideritis?
776 3008 816 3066 ibi
839 3009 983 3086 quaeratis
1001 3010 1106 3082 socios

197 3100 214 3126 ¹⁴
229 3107 343 3158 censeo,
368 3089 417 3158 ubi
447 3089 605 3164 Saguntina
631 3087 731 3149 clades
755 3086 928 3164 ignatacst.
954 3088 1108 3166 ·Hiapauis

194 3173 214 3205 “
228 3167 351 3244 populis,
379 3168 454 3233 sicut
474 3167 608 3244 lugubre,
628 3165 668 3224 ita
690 3165 801 3243 insigne
825 3166 1030 3234 documentum
1056 3167 1108 3226 Sa*
1157 3207 1164 3222 .

198 3256 216 3285 ⁴⁴
229 3245 311 3322 gunti
326 3248 424 3309 ruinae
438 3258 531 3316 erunt,
546 3246 659 3324 nequis
680 3245 746 3306 fidei
769 3245 918 3314 Romanae
941 3256 992 3314 aut
1018 3247 1109 3306 socie,

196 3335 214 3362 ⁴⁶
228 3326 281 3384 tati
302 3321 455 3386 confidat?
504 3325 578 3385 lude
600 3324 745 3403 extemplo
769 3323 848 3390 abies
869 3323 975 3390 finibus
994 3321 1107 3384 Volcia-

196 3423 297 3464 norum
314 3407 395 3488 Jussi,
410 3406 447 3466 ab
468 3403 547 3464 nullo
567 3403 672 3468 deinde
691 3401 811 3465 concilio
831 3402 989 3492 Hispaniae
1008 3402 1109 3484 benig,
