2386 3930
436 235 604 296 LIBER
635 233 729 294 XXV.
769 267 771 272 v
973 243 1031 302 245

114 388 304 454 'solitudinem
318 401 380 450 erat
401 404 576 470 perventum,
591 392 657 470 quia
679 409 784 470 magna
807 409 880 468 pars,
895 391 923 449 in
947 393 1030 451 turri-

119 469 179 530 bus
193 472 307 550 epulati,
322 481 373 528 aut
392 471 475 548 sopiti
489 471 554 527 vino
576 481 665 540 erant,
680 481 729 527 aut
754 469 924 545 semigraves
948 483 1029 548 pota·

122 547 203 606 bant.
216 568 323 625 paucos
337 559 432 606 tamen
450 565 557 616 eorum,
572 566 720 624 oppressos
734 546 761 604 in
778 547 928 616 cubilibus,
943 548 1030 607 inter·

120 623 259 685 fecerunt.
300 627 393 702 Prope
417 623 659 701 Hexapylon'est
682 623 794 700 portula
816 626 920 700 magnai
933 626 959 682 vi
982 645 1028 684 re·

120 701 204 778 iringi
219 713 337 779 coepta;
368 715 397 762 et
417 721 528 761 emuro
543 720 579 760 ex
598 701 755 776 composito
769 702 839 760 tubis
853 703 952 761 datum
973 702 1029 780 sig-

120 795 190 836 num
215 795 285 838 erat.
326 780 365 837 Et
376 782 445 856 'jam
469 779 538 838 undi
560 797 604 846 ue,
619 795 676 834 uon
688 777 794 844 furtim,
809 779 859 835 sed
873 780 899 837 vi
919 784 1028 858 aperti,

118 858 276 988 gerebatur
299 875 353 916 res.
369 861 471 936 quippe
484 857 521 916 ad
540 799 688 934 hpipolas,
701 855 877 932 frequentem
892 857 1028 917 custodiis

132 952 227 1004 ocum,
241 947 408 1012 perventum
432 947 501 1006 erat,
516 932 697 1012 terrendique
718 932 808 1008 magis
827 932 924 990 hostes
939 946 1028 1004 erant,

120 1028 206 1088 quam
220 1011 354 1081 fallendi;
374 1013 446 1071 sicut
460 1013 549 1070 territi
563 1019 638 1070 sunt
653 1029 728 1076 nam,
743 1009 826 1066 simul
847 1027 882 1067 ac
895 1012 1029 1072 tubarum

119 1099 165 1146 est
188 1089 302 1148 auditus
316 1102 427 1160 cantus,
441 1089 603 1166 clamorque
617 1087 775 1146 tenentium
790 1105 895 1160 muros,
905 1100 1029 1163 partem-

118 1183 176 1296 que
200 1165 294 1236 urbis;
315 1168 410 1226 omnia
433 1167 523 1225 teneri
547 1167 680 1225 custodes
702 1165 825 1234 rati,alii
846 1182 1029 1240 parmarum
1116 1163 1118 1170 ’

132 1261 227 1318 ugere,
242 1243 290 1300 alii
313 1245 395 1302 salire
409 1245 445 1303 de
466 1261 556 1314 muro,
568 1243 803 1321 praecipitarique
824 1243 908 1318 turba
924 1261 1029 1319 pauen-

119 1319 202 1379 tium.
243 1321 353 1398 Magna
366 1341 431 1400 pars
445 1332 541 1379 tamen
559 1321 657 1398 ignara
672 1321 742 1379 tanti
756 1319 823 1378 mali
837 1331 907 1389 erat,
922 1332 952 1378 et
964 1339 1028 1397 gra-

117 1397 191 1453 vatis
214 1399 345 1457 omnibus
368 1401 432 1457 vino
456 1417 621 1476 somnoque,
636 1411 674 1466 et,
689 1399 717 1455 in
738 1411 835 1456 vastae
855 1399 1027 1474 magnitudi-

118 1473 162 1529 nis
186 1477 265 1546 urbe,
280 1475 403 1553 partium
425 1492 510 1533 sensu
532 1474 679 1530 nonsatis
702 1476 862 1548 pertinente
877 1475 905 1528 in
924 1477 1029 1534 omnia.

120 1549 180 1607 Sub
202 1552 277 1618 luce,
293 1549 448 1626 Hexapylo
463 1549 589 1618 effracto,
605 1547 771 1616 Marcellus,
787 1548 918 1605 omnibus
939 1551 1028 1626 copiis

119 1628 219 1684 urbem
243 1625 396 1702 ingressus,
410 1625 544 1683 excitavit
558 1623 752 1700 convertitque
776 1643 875 1682 omnes
889 1625 926 1682 ad
949 1645 1029 1686 arma

118 1703 267 1780 capienda,
283 1723 432 1781 opemque,
447 1703 470 1760 si
484 1721 569 1780 quarn
590 1711 718 1780 possent,
738 1706 798 1777 jam
819 1711 920 1778 captae
940 1723 1029 1780 prope

119 1781 182 1836 urbi
195 1781 350 1839 ferendam.
391 1781 544 1858 Epicydes,
569 1781 606 1836 ab
631 1778 736 1846 Insula,
752 1795 837 1856 quam
857 1779 910 1855 ipsi
929 1779 1031 1849 Nason

118 1869 231 1924 vocant,
246 1859 333 1916 citato
356 1859 500 1934 profectus
513 1857 634 1933 agmine,
650 1855 727 1914 haud
749 1855 861 1924 dubius,
876 1857 943 1933 quin
958 1873 1027 1934 pau·

117 1951 177 2002 cos,
201 1953 252 2010 per
284 1935 485 2010 negligentiam
513 1933 665 1992 custodum
689 1944 878 2010 transgressos
901 1953 1024 2006 murum,

118 2010 288 2086 expulsurus
307 2009 391 2080 foret,
406 2011 622 2070 occurrentibus
639 2011 757 2087 pavidis,
771 2011 924 2069 tumultum
939 2007 1026 2089 auge-

116 2105 148 2144 re
172 2106 230 2156 eos,
248 2089 390 2156 dictitans,
406 2099 435 2145 et
458 2092 623 2164 majorano
646 2087 812 2145 terribiliora
825 2109 891 2147 vero
915 2089 1024 2160 afferre,
1070 2119 1073 2126 ·

117 2175 269 2242 postquam
284 2166 433 2242 conspexit
449 2166 545 2223 omnia
559 2165 634 2222 circa
654 2163 789 2242 Epipolas
803 2166 887 2223 arntis
901 2169 1030 2246 comples

116 2253 155 2312 ta,
178 2243 310 2302 lacessito
338 2255 450 2301 tautum
473 2243 557 2300 hoste
583 2241 681 2318 paucis
708 2241 869 2311 missilibus,
893 2255 969 2302 retro
996 2246 1050 2302 in·

6 2316 23 2338 ''
66 2355 70 2360 -
116 2319 315 2378 Achradinam
336 2339 437 2398 agmen
460 2320 617 2388 convertit3
637 2332 775 2377 nontam
788 2319 844 2376 vim
868 2321 1026 2380 multitudi-

114 2401 247 2474 nemque
259 2397 383 2454 hostium
407 2409 547 2478 metuens,
563 2415 646 2474 quam
671 2415 707 2452 ne
722 2415 778 2474 qua
801 2397 934 2455 intestina
947 2399 1025 2456 fraus

12 2511 15 2516 -
113 2492 167 2554 per
199 2473 379 2532 occasionem
413 2476 541 2544 oriretur,
569 2475 736 2550 clausasque
769 2474 843 2531 inter
869 2475 1025 2532 tumultum

112 2550 300 2610 ‘Achradinae
314 2563 399 2628 atque
414 2551 527 2608 insulae
552 2551 689 2608 inveniret
710 2561 816 2626 portas.
856 2551 1024 2621 Marcellus,

115 2639 157 2696 ut,
172 2630 284 2685 moenia
307 2627 459 2704 ingressus,
474 2645 510 2684 ex
530 2627 722 2704 superioribus
743 2626 814 2684 locis
837 2628 949 2696 urbem,
963 2645 1023 2686 om·

113 2705 194 2762 nium
221 2705 309 2764 ferme
336 2705 384 2761 illa
410 2716 581 2781 tempestate
608 2703 836 2780 pulcherrimam,
864 2705 1024 2782 subjectam

114 2781 204 2841 oculis
227 2780 306 2852 vidit,
329 2781 521 2860 illacrymasse
543 2779 654 2848 dicitur,
675 2781 777 2856 partim
799 2782 904 2858 gaudio
926 2793 1022 2845 tantae

112 2867 295 2937 'perpetratae
317 2861 372 2928 rei,
383 2861 484 2936 partim
499 2858 611 2917 vetustis
633 2857 723 2935 gloriis
736 2857 822 2916 urbis.
863 2860 1023 2922 Athenien·

113 2937 187 2995 sium
211 2939 315 2996 classes
337 2939 492 3006 demersae,
508 2949 537 2995 et
559 2937 616 2994 duo
640 2939 770 3012 ingentes
793 2937 935 2998 exercitus
955 2959 1022 2999 cum

113 3013 227 3072 duobus
251 3015 411 3072 clarissimis
437 3015 559 3073 ducibus
583 3013 681 3081 deleti,
702 3017 900 3084 occurrebant,
924 3026 953 3074 et
977 3027 1022 3076 tot

112 3086 191 3148 bella
211 3108 277 3148 cum
299 3089 584 3166 Karthaginiensibus
598 3101 678 3151 tanto
697 3110 761 3149 curn
777 3092 937 3152 discrimine
956 3110 1021 3170 ges·

111 3165 163 3233 ’ως
182 3176 225 3224 tot
246 3179 304 3224 tam
325 3167 453 3246 opulenti
473 3168 585 3244 tyranni
598 3187 754 3247 regesque:
783 3183 895 3246 praeter
908 3181 1020 3231 ceteros

112 3241 216 3313 Hiero,
244 3263 331 3321 quum
358 3243 569 3302 recentissimae
593 3245 746 3305 memoriae
767 3265 826 3316 rex,
854 3255 924 3318 tum,
951 3259 1019 3308 ante

112 3320 219 3390 omnia,
234 3339 307 3457 quae
320 3322 407 3380 virtus
429 3323 456 3380 ei
477 3323 646 3414 fortunaque
668 3342 719 3383 suo
732 3322 859 3393 dederat,
874 3324 1021 3386 beneficiis

112 3399 143 3460 in
157 3415 241 3480 ‚popu
256 3419 303 3494 utu
328 3397 490 3467 Romanurn
512 3399 685 3486 in'sigutsqea
708 3419 795 3486 quum
817 3401 946 3462 universa
969 3421 1017 3466 oc·
