2386 3930
181 221 238 292 iit
536 227 570 288 Τ.
601 225 734 289 L1v11
761 226 764 234 ’

177 389 378 465 conscriptam,
400 387 528 455 haberet,
542 403 592 444 eos
614 385 703 445 libros
716 401 818 444 omnes
837 385 991 464 litemque
1002 385 1042 446 ad
1055 404 1092 448 se

177 477 244 524 ante
265 465 412 525 Kalendas
435 463 551 542 Apriles
572 463 715 522 deferret:
745 481 802 521 neu
824 463 894 540 quis,
916 464 946 521 in
968 465 1091 542 publico

138 589 142 601 .
177 561 294 602 sacrove
307 545 378 611 loco,
393 561 467 599 novo
481 553 532 600 aut
546 553 665 600 externo
680 541 736 599 ritu
750 541 928 600 merificaret.
1016 583 1021 594 .

217 622 258 679 ll.
297 623 344 679 Er
370 620 479 698 aliquot
504 619 612 698 publici
637 620 800 679 sacerdotes
820 619 925 678 mortui
946 637 982 677 eo
1007 637 1090 680 anno

177 711 242 759 sunt
254 721 276 758 r·
289 699 325 756 L.
348 697 499 758 Cornelius
522 697 674 768 Lentulus,
695 697 824 776 pontiiex
843 697 990 767 maximus,
1005 710 1035 757 et
1050 699 1091 758 C.

177 772 306 853 Papirius
328 777 362 836 C.
386 777 418 834 F.
443 775 529 834 Maso
551 775 690 855 pontifex,
705 787 734 834 et
749 773 782 833 Ρ.
796 775 897 834 Furias
917 775 1015 834 Philus
1032 794 1089 834 au-

175 875 237 932 gur.
262 867 292 914 et
317 855 352 914 C.
380 855 511 933 Papirius
533 854 569 912 L.
593 855 625 912 F.
648 853 742 922 Maso,
766 853 911 913 decemvir
933 871 1090 912 sacrorum.

173 935 209 992 ln
222 934 342 1010 Lentuli
361 933 457 992 locum
471 933 515 991 Μ.
529 931 678 992 Cornelius
693 930 851 1010 Cethegus,
866 932 895 990 iu
909 931 1016 1010 Papirii
1031 933 1088 992 Cn.

176 1013 313 1072 Servilius
334 1012 451 1089 Caepio,
465 1010 614 1088 pontifices
627 1009 738 1068 suffecti
760 1021 835 1068 sunt.
858 1027 951 1087 augur
973 1021 1089 1070 creatus

175 1093 210 1150 L.
222 1091 378 1157 Quinctius
400 1089 582 1155 Flamininus,
596 1087 742 1146 decemvir
762 1105 908 1147 sacrorum
926 1087 1087 1150 Locroe

173 1170 228 1228 lius
255 1169 405 1227 Lentulus.
455 1164 642 1225 Comitiorum
669 1165 861 1225 consularium
885 1168 945 1242 jam
968 1176 1088 1246 appete·
1155 1199 1161 1212 ·

170 1249 224 1305 bat
248 1259 380 1322 tempus3
400 1244 459 1311 sed,
494 1243 540 1300 uia
553 1245 686 1302 consules
706 1227 813 1303 abelio
826 1244 952 1302 intentos
965 1262 1089 1304 avocare
1168 1299 1175 1310 ,

171 1263 1089 1459 raanan·lerirrnunnumn

172 1477 260 1554 gister
273 1476 401 1555 equitum
422 1487 466 1534 eat
479 1473 573 1533 dictus
587 1475 625 1540 Q.
643 1473 758 1532 Fulvius
778 1474 907 1533 Flauum.
948 1478 1089 1536 Dictator

174 1556 266 1634 primo
288 1554 427 1614 comitiali·
447 1554 494 1612 die
515 1553 622 1612 creavit
643 1552 777 1615 consules
793 1553 830 1617 Q·
850 1551 980 1611 Fulvium
1001 1553 1088 1615 Flac·

175 1653 252 1702 urm,
266 1634 434 1710 magistrum
457 1632 594 1710 equiturn,
609 1643 639 1690 et
664 1634 722 1709 Ap.
743 1628 897 1690 Claudium
917 1631 1090 1702 Pulchrum,

121 1739 126 1748 ¹
176 1714 223 1772 cui
239 1713 335 1772 Sicilia
347 1711 492 1790 provincia
506 1710 534 1766 in
550 1722 684 1786 praetura
703 1709 804 1766 fuerat.
845 1709 920 1767 Turn
941 1721 1090 1786 praetores

176 1793 264 1850 creati
286 1792 339 1849 Cn.
361 1789 475 1845 Fulvius
495 1787 624 1855 Flaccus,
645 1787 679 1844 C.
703 1784 841 1842 Claudius
862 1786 950 1856 Nero,
963 1787 1011 1844 M.
1034 1788 1090 1848 Ju-

175 1870 239 1926 nius
263 1867 383 1932 Silanus,
409 1864 442 1920 P.
470 1863 621 1920 Cornelius
648 1861 736 1920 Sulla.
784 1862 915 1922 comitiis
941 1865 1088 1943 perfectis,

175 1946 299 2002 dictator
318 1941 485 2016 magistratu
501 1940 581 1998 abiit.
623 1940 734 1999 Aedilis
755 1941 861 2000 curulis
881 1943 936 2004 luit
958 1963 995 2004 eo
1008 1961 1088 2003 auno

175 2043 241 2082 curn
256 2019 301 2078 Μ.
321 2017 455 2079 Cornelio
470 2017 603 2096 Cethego
621 2017 655 2076 P.
670 2019 940 2116 Corneliusdcipio,
954 2023 1090 2100 ouipost

176 2100 315 2158 Africano
327 2098 381 2155 luit
403 2115 574 2174 cognomen.
587 2095 659 2156 huic
678 2098 788 2176 petenti
811 2097 986 2159 aedilitatem
1000 2119 1090 2178 quum

174 2177 350 2236 obsisterent
373 2175 480 2234 tribuni
503 2176 604 2252 plebis,
628 2189 768 2252 negantes
790 2178 929 2236 rationem
951 2181 1018 2255 ejus
1037 2179 1090 2236 lra-

174 2257 304 2316 'bendam
315 2274 387 2324 esse,
402 2253 479 2331 quod
492 2254 622 2310 nondum
634 2254 672 2311 ad
692 2253 847 2330 petendum
866 2254 994 2330 legitima
1007 2268 1090 2316 aetas

177 2341 313 2400 esset;·“
334 2333 364 2391 si
387 2330 459 2399 me,''
483 2331 584 2408 inquit,
609 2341 626 2373 ⁴⁴
640 2348 739 2388 omnes
759 2330 885 2395 Quirites
904 2332 1028 2392 aedilem
1048 2335 1090 2394 fa·

174 2425 196 2454 ·“
210 2422 276 2473 cere'
290 2411 398 2478 volunt,
410 2408 478 2467 satis
491 2427 629 2466 annorum
644 2407 763 2474 habeo.”
805 2409 900 2468 Tanto
913 2410 981 2473 iude
993 2411 1092 2473 favore
1177 2479 1180 2486 .

172 2493 217 2552 'ad
241 2490 404 2567 suffragium
420 2487 572 2546 'ferendum
593 2486 622 2543 in
642 2486 733 2544 tribus
747 2487 907 2548 discursum
917 2499 979 2557 est,
995 2500 1027 2546 ut
1041 2493 1092 2549 tri·

181 2573 251 2630 buni
265 2580 384 2646 repente
398 2567 513 2644 incepto
526 2565 696 2624 destiterint.
741 2559 874 2626 aedilitia
890 2567 1002 2646 largitio
1014 2566 1092 2630 haec
1178 2567 1179 2626 ]

51 2645 58 2652 “
171 2650 242 2706 ‘'snit.
283 2647 359 2705 Ludi
375 2645 497 2704 Romani
519 2663 571 2723 pro
586 2645 721 2722 temporis
743 2645 818 2704 illius
830 2646 920 2723 copiis
938 2645 1092 2724 magnifice

179 2727 257 2791 facti,
278 2736 308 2782 et
332 2725 408 2782 diem
430 2743 518 2781 unum
538 2723 695 2791 instaurati,
711 2732 740 2781 et
762 2724 864 2800 congel
886 2724 941 2783 olei
964 2724 994 2782 in
1011 2725 1092 2796 ¹victas
1177 2733 1178 2742 ’

172 2802 307 2936 ἐἐῃςὲὴῖε
335 2803 426 2932 datia·l
443 2803 478 2858 L.
499 2802 605 2934 lVlilLips
626 2801 778 2933 l'l'apptulus
800 2813 830 2859 et
853 2801 899 2858 M.
925 2801 1091 2934 Frgpdanius

170 2899 242 3016 ruffi
254 2892 712 3032 ρῖἕιῗὲῑῗοὲυῖἒιῖἷιεᾚυῖἔὲἓὲ
726 2889 983 3014 emmas
995 2897 1091 3018 1¹2⁰ssss

180 3036 272 3095 silium
300 3042 428 3108 egerunt.
468 3029 546 3087 Ludi
572 3029 676 3108 plebeii
702 3049 754 3108 per
778 3030 899 3090 biduum
925 3032 1090 3106 instaurati;

182 3127 211 3173 ct
225 3111 304 3172 Jovis
319 3109 435 3188 epulum
447 3108 501 3168 luit
515 3109 647 3168 ludorum
660 3109 756 3168 causti.
816 3157 820 3164 .

169 3225 173 3232 ·
221 3191 277 3249 Ill.
297 3192 335 3255 Q.
349 3188 492 3248 Funvrns
507 3187 627 3247 Flaccus
647 3189 772 3256 tertium,
787 3190 844 3266 Ap.
860 3190 1006 3263 Claudius,
1021 3213 1089 3254 con·

182 3272 306 3331 sulatum
330 3269 438 3326 ineunt.
478 3266 518 3325 Et
541 3277 688 3346 praetores
708 3266 869 3345 proprietas
888 3271 979 3329 sortiti
1005 3285 1072 3331 sunt
1172 3299 1173 3304 1

182 3352 215 3409 P.
238 3347 388 3410 Cornelius
408 3346 489 3406 Sulla
509 3346 647 3404 urbanam
672 3357 701 3405 et
726 3345 914 3423 peregrinam,
934 3368 1007 3427 quae
1020 3351 1092 3410 duo.
1149 3369 1156 3382 ·

168 3423 1091 3568 ·'cli.iiii⁰.iislii.³.il'Fillldi‘sltitllllui
1170 3495 1171 3537 .

298 3570 305 3586 .
612 3545 620 3578 2
679 3543 686 3563 ·
789 3565 796 3582 .
1084 3552 1092 3565 ·
