2406 3932
167 209 223 274 176
516 203 551 266 Τ.
578 202 720 266 L1v11

163 374 182 404 ⁴⁴
203 362 260 423 tuis
283 379 366 432 onus,
380 361 433 420 sub
456 381 513 441 quo
536 363 681 424 concidas.
722 360 787 440 Ego
809 379 983 441 magnopere
1006 383 1074 426 sua·

164 451 182 480 “
204 442 267 511 deo,
289 438 392 500 eodem
410 441 514 508 animo,
530 460 600 518 quo,
619 442 644 500 si
662 439 805 501 stantibus
823 440 905 500 vobis
927 442 958 499 in
979 445 1075 503 mem

164 529 182 558 ‘⁶
202 518 318 577 armatis
351 528 468 593 repente
494 517 637 596 deligendi
663 519 722 576 duo
748 518 930 594 imperatores
963 534 1073 592 essent,

162 606 181 635 “
201 615 322 675 quorum
342 595 433 655 ductu
452 608 539 672 atquc
559 596 686 674 auspicio
706 595 885 666 dimicaretis,
899 596 985 656 hodie
998 617 1075 674 quo·

162 681 182 714 “
222 693 257 732 ue
280 673 413 732 consules
426 673 547 743 creetis3
567 675 672 752 quibus
691 684 868 732 ammento
888 673 968 734 liberi
981 676 1074 733 vestri
1180 741 1183 748 Δ

161 761 180 790 “
200 695 306 820 dicant,
328 750 366 808 ad
389 770 512 828 quorum
535 751 663 812 edictum
686 751 866 820 conveniant,
880 752 933 810 sub
941 769 1072 832 ¹qtrorurn

161 839 179 866 “
199 828 291 888 tutela
317 839 405 906 atque
431 848 501 889 cura
527 830 658 889 militent.
704 828 802 887 Lacus
829 829 1011 888 Trasimenus
1039 843 1072 889 et

159 907 319 965 “Cannae
345 905 437 966 tristia
462 908 500 965 ad
530 907 757 966 recordationem
783 908 925 985 exempla,
952 907 1004 966 sed
1031 908 1072 965 ad

159 993 178 1026 “
197 983 426 1064 praecavendum
445 985 536 1044 simile
550 984 612 1044 utili
634 983 818 1054 documento,
828 999 909 1044 sunt.
948 985 1070 1056 Precco,

159 1072 178 1102 “
200 1063 359 1122 Aniensem
369 1062 514 1140 juniorum
527 1063 557 1118 in
570 1061 736 1138 suffragium
749 1061 876 1122 revoca.'’

143 1138 147 1148 '
197 1141 251 1199 IX.
292 1143 391 1204 Quom
416 1141 451 1195 Τ.
478 1139 619 1198 Otacilius
644 1139 786 1210 ferociter,
808 1145 876 1199 eum
898 1139 1069 1200 continuare

157 1218 338 1277 consulatum
361 1214 442 1284 velle,
470 1215 672 1276 vociferaretur
697 1223 789 1296 atque
805 1220 992 1295 obstreperet,
1017 1217 1068 1276 lic·

157 1308 233 1354 tores
246 1293 284 1350 ad
304 1311 370 1350 eum
384 1293 523 1352 accedere
536 1296 636 1352 consul
655 1295 757 1372 jussit:
784 1307 826 1364 et,
841 1297 908 1373 qula
920 1297 949 1354 in
964 1297 1067 1354 urbem

154 1389 212 1430 non
234 1369 346 1438 inierat,
370 1369 498 1445 protinus
519 1370 548 1426 in
572 1389 706 1448 eampum
724 1390 762 1428 ex
784 1372 887 1432 itinere
910 1373 1067 1450 profectus,-

154 1446 304 1506 admonuit
325 1465 393 1506 cum
412 1445 560 1506 securibus
579 1446 635 1506 sibi
654 1448 913 1525 fascesproeferrl.
953 1450 1069 1510 lterum

153 1521 350 1606 praerogative
372 1523 539 1602 suffragium
561 1525 630 1594 inim
659 1525 747 1586 creati
766 1545 803 1586 ue
824 1527 854 1584 in
877 1545 912 1586 eu
930 1527 1069 1586 consules

155 1607 191 1669 Q.
220 1603 325 1662 Fabius
349 1603 497 1667 Maximus
521 1616 663 1682 quartum,
687 1601 732 1664 M.
794 1605 917 1664 arcellus
939 1604 1067 1664 tertium.

154 1681 282 1740 Eosdem
361 1684 438 1742 sules
458 1693 573 1742 ceterae
596 1683 742 1742 centuriae
754 1683 815 1740 sinc
828 1683 985 1742 variatione
1005 1683 1067 1742 ulla

154 1759 297 1823 dixerunt.
365 1772 378 1818 t
398 1770 512 1836 praetor
535 1763 609 1814 unus
629 1759 760 1825 reiectus,
785 1761 821 1820 Q.
843 1758 959 1816 Fulvius
983 1759 1066 1818 Flac«

154 1857 223 1896 cus:
251 1856 290 1894 no
340 1837 389 1892 alii
410 1834 507 1901 creati,
532 1833 565 1889 T.
591 1833 732 1890 Otacilius
756 1833 877 1894 Crassus
896 1834 1008 1904 iterum,
1024 1839 1065 1902 Q.

153 1913 267 1980 Fabius,
289 1911 412 1969 consulis
435 1909 518 1977 lilius,
532 1909 580 1986 qui
600 1919 663 1968 tum
686 1910 785 1972 aedilis
807 1911 919 1972 curulis
934 1927 1005 1984 erat,
1028 1914 1063 1974 P.

152 1988 301 2049 Cornelius
324 1987 475 2045 Lentulus.
515 1987 647 2046 Comitiis
666 2002 833 2066 praetorum
852 1990 996 2068 perfectis,
1015 2011 1062 2052 ae·

149 2064 398 2126 natusconsultum
416 2063 526 2124 suctum
548 2079 601 2133 est,
617 2079 648 2125 ut
662 2067 699 2133 Q.
714 2067 813 2128 Fuluio
831 2080 913 2128 extra
932 2070 1062 2129 ordinem

149 2145 259 2207 urbana
281 2143 427 2219 provincio
453 2156 549 2204 esset:
578 2145 659 2221 isque
682 2145 870 2223 potissimum,
895 2148 1062 2208 consulibus

149 2221 187 2280 ad
213 2220 322 2285 bellum
348 2221 492 2300 proiectis,
518 2222 580 2280 urbi
606 2225 762 2298 praeesset.
809 2226 914 2299 Aquae
936 2241 1063 2300 magnae
1099 2281 1104 2288 .

148 2299 193 2358 bis
216 2319 252 2358 eo
272 2299 494 2372 apposuerunt:
525 2299 693 2375 Tiberisque
715 2317 798 2375 agros
821 2300 969 2359 inundavit
991 2319 1060 2360 curn
1093 2341 1097 2346 -
1186 2309 1187 2367 1

147 2395 252 2455 magna
303 2395 370 2453 rege
391 2389 542 2446 tectorum,
566 2395 760 2455 pecorumque
772 2389 803 2436 et
823 2377 971 2438 bominum
994 2398 1061 2456 per·

148 2456 224 2516 nicie
284 2509 285 2514 ,
312 2455 490 2516 ιιίηιο,8ηυο
517 2453 635 2514 secundi
662 2453 764 2514 Punici
787 2454 865 2526 belli,
890 2459 926 2522 Q.
950 2457 1057 2516 Fabius
1164 2457 1186 2476 “’

148 2535 232 2594 Maxi
283 2553 296 2594 s
310 2544 451 2612 quartum,
469 2533 512 2590 M.
526 2532 664 2592 Claudius
676 2532 835 2594 Marcellus
847 2534 972 2602 tertium,
987 2554 1056 2594 con·

147 2613 272 2672 sulatum
293 2613 432 2682 ineuntes,
448 2613 512 2690 plus
532 2613 615 2672 solito
629 2623 828 2672 converterant
840 2613 870 2672 in
883 2633 914 2674 se
935 2611 1057 2675 civitatis

146 2688 265 2746 animos.
290 2691 386 2750 multis
407 2691 483 2750 enirn
506 2691 589 2750 annis
612 2690 671 2750 tale
684 2691 834 2752 consulum
847 2709 899 2768 par
916 2711 974 2750 non
994 2691 1059 2751 fue-

145 2773 198 2820 rat.
239 2763 416 2826 Referebant
439 2769 587 2837 sancasio
611 2769 774 2827 Maximum
798 2767 917 2826 Rullum
941 2789 1006 2826 cum
1022 2771 1055 2828 P.

145 2838 239 2898 Decio
259 2839 297 2896 ad
320 2842 428 2900 bellum
443 2845 597 2913 Gallicum,
610 2845 652 2902 sic
674 2857 773 2920 postea
796 2843 940 2919 Papirium
956 2844 1055 2902 Carvi-

144 2918 270 2994 liumque
293 2915 429 2976 adversus
454 2919 604 2986 Samnites,
629 2919 822 2992 Bruttiosque,
846 2931 876 2978 et
900 2919 1054 2982 Lucanum

146 3014 214 3056 cum
234 2993 389 3057 Tarentino
450 2993 560 3072 pulum,
580 2994 712 3055 consules
725 2994 895 3056 declaratos.
935 2999 1054 3060 Absens

145 3071 301 3134 Marcellus
327 3090 417 3132 consu
455 3085 577 3144 creatus,
599 3090 686 3150 quum
710 3071 748 3134 ad
773 3074 931 3134 exercitum
958 3091 1053 3148 esset3

145 3150 286 3230 praesenti
309 3148 407 3219 Fabio,
421 3163 508 3229 atque
521 3152 583 3230 ipso
602 3150 718 3212 comitia
737 3150 871 3222 habente,
884 3156 1053 3216 consulatus

145 3227 335 3289 continuatus.
376 3228 513 3320 Tempus,
528 3249 563 3290 ac
585 3229 740 3292 necessitas
761 3229 879 3300 belluae
898 3231 1050 3294 discrimen

145 3325 273 3368 summae
286 3307 557 3380 rerumlacrebant,
571 3329 608 3370 ue
626 3308 689 3386 quis
707 3308 802 3369 autin
821 3311 985 3389 exemplum
1000 3332 1050 3377 ex·

144 3383 277 3456 quireret‚
304 3397 355 3447 aut
382 3397 547 3464 suspectum
576 3386 740 3466 cupiditatis
765 3387 876 3466 imperii
902 3391 1048 3450 consulem

143 3451 273 3522 buberet.
303 3465 373 3546 quin
397 3465 553 3530 laudabant
579 3465 674 3546 potius
701 3467 925 3544 magnitudinem
951 3468 1049 3548 animi,
