2406 3932
446 201 612 285 stanti
640 201 737 284 nien.
973 209 1035 288 ‘nt

131 369 265 450 beromi,
277 369 388 459 p'toqtre
400 379 443 449 iis,
464 381 511 460 qui
533 384 654 454 absunt,
667 379 708 438 it'a
727 367 911 458 suspensior
931 373 1042 458 soiiicit'i

132 453 164 496 '⁴⁸'
171 449 247 527 'siu't3
263 461 349 536 quern
364 457 488 517 censetis
507 461 631 518 animum
645 459 771 534 ipsorum
786 455 858 521 ess'e,
881 465 1000 532 quorum
1014 449 1042 513 iir

130 543 161 573 '⁸‘
174 535 334 610 discrimine
346 537 404 595 vita
415 535 588 610 libertasque
603 534 671 592 est?
712 535 751 602 Si,
773 551 819 592 me
840 533 924 616 Dius
937 529 1043 618 Ftdtujt,

132 621 159 650 ⁴⁴
172 613 232 692 ipse
245 613 274 672 in
289 631 342 672 nos
355 611 431 677 mitis
447 611 593 669 Hannibal
608 613 717 678 contro¹
729 613 859 670 naturam
879 627 960 670 suam
980 607 1043 686 ess'e

130 691 248 760 1⁴⁴veiit,
273 689 346 747 nihii
366 689 464 748 tamen
488 687 571 746 nobis
594 687 653 746 vird
679 705 751 766 opus
779 707 842 748 esse
866 683 1042 759 censeamus,

129 773 160 805 ‘⁴‘
191 787 260 825 uum
284 765 402 844 indigni,
430 777 462 826 ut
485 765 607 824 a'vobis
629 763 839 834 redimeremur,
862 765 912 826 visi
934 765 1044 827 sumus.

138 851 157 882 “
172 787 297 902 bediens
313 843 434 902 Romani
466 843 601 912 nondam,
615 841 724 900 remissi
742 861 761 900 a
776 843 884 920 Pyrrho
898 845 959 904 sine
978 833 1042 924 prd-

125 927 159 958 “⁶⁶
173 921 223 992 tio,
238 939 271 980 ca
293 919 331 979 ti:
352 921 403 978 sed
416 865 525 982 'rediere
538 923 605 980 'cunr
625 919 736 996 legatis,
756 919 925 997 primoribus
944 919 1043 981 civita·

134 1005 158 1036 ⁴‘
172 998 217 1067 tis,
241 1014 259 1056 a
305 997 487 1058 redimendos
512 1017 576 1057 sese
600 997 703 1056 missis.
723 997 840 1055 redeam
865 997 918 1072 ego
941 995 1043 1076 inpi-

133 1082 158 1113 ⁴⁸
172 1076 264 1145 triam,
278 1075 414 1134 trecentis
427 1075 551 1138 nummis
570 1095 627 1133 non
642 1075 808 1133 aestimatus
822 1073 912 1132 civia?
947 1075 1043 1132 ,Suum

130 1159 168 1190 '⁴‘
190 1153 290 1230 uisque
316 1153 414 1212 habet
431 1155 568 1222 animum,
596 1152 696 1211 Patres
723 1151 885 1230 conscripti.
925 1149 993 1209 Scio
1016 1149 1045 1238 iit

137 1173 334 1290 “discrimine
358 1249 421 1290 esse
444 1231 530 1288 vitam
553 1247 712 1308 corpusque
736 1247 842 1286 meum.
883 1227 980 1306 Magis
999 1231 1046 1289 nie

133 1315 157 1345 *⁴
170 1307 265 1365 famae
278 1308 435 1386 periculum
449 1319 553 1378 movet,
568 1326 605 1366 ne
618 1325 636 1365 a
649 1307 730 1366 vobis
750 1305 877 1364 damnati
891 1323 926 1364 ac
938 1304 1044 1384 repulsi

132 1386 157 1422 ‘⁴
171 1385 317 1521 abeepmuq
337 1389 429 1466 neque
450 1387 527 1446 enim
548 1403 599 1445 vos
620 1384 894 1465 pretio'pepercisse
914 1383 1044 1476 homine}

129 1469 156 1500 ⁴‘
169 1481 200 1521 cr
238 1475 296 1521 ent.
476 1471 480 1476 “
627 1473 629 1478 ·

128 1541 154 1560 ·’“
174 1538 239 1597 LX.
253 1563 256 1570 ·
280 1539 343 1598 Uet
358 1539 382 1596 is
394 1539 481 1596 finem
494 1539 573 1608 fecit,
587 1540 732 1618 extemplo
751 1541 788 1598 ab
803 1557 837 1598 ea
857 1541 949 1610 turba,
971 1539 1044 1622 qua'e

128 1615 172 1674 'in
186 1614 303 1674 comitio
323 1625 393 1684 erat,
418 1615 525 1674 clamor
541 1616 643 1676 flebilis
663 1627 707 1675 est
727 1616 865 1686 sublatus,
885 1619 1044 1697 manusque

136 1692 174 1750 ad
201 1691 320 1752 curiam
336 1693 504 1763 tendebant,
529 1706 652 1764 orantes,
673 1705 707 1752 ut
727 1685 787 1752 sibi·
800 1696 913 1765 liberor,
933 1697 1044 1766 fratres,

128 1775 282 1846 cognatos,
296 1771 458 1830 redderent.
498 1769 630 1830 Feminae
644 1791 758 1864 quoque
772 1784 875 1840 metus,
890 1791 925 1834 ac
946 1771 1044 1831 nece's'·

127 1845 212 1914 sitas,
234 1848 343 1906 induro
364 1849 466 1908 turbae
488 1849 555 1910 huic
571 1849 694 1908 virorum
713 1850 914 1909 immiscuerat.
956 1849 1046 1910 Send·
1129 1877 1135 1886 ·

128 1935 192 1991 tus,
206 1925 355 1984 summotis
369 1926 490 1992 arbitris,
507 1927 616 1984 consuli
637 1940 783 2004 coeptus.¹
807 1927 851 1986 lbi
872 1947 960 2005 quum
981 1921 1046 1987 sed-
1068 1975 1070 1980 .

129 2000 234 2060 'tentiis
252 2001 422 2069 'veneratum
450 2014 479 2060 et
506 2003 553 2060 atti
579 2003 759 2064 redimendos
787 2005 824 2063 de
849 2005 977 2083 publico,
997 2005 1044 2064 alii

99 2145 105 2150 ,
128 2077 243 2138 ‘'ouilam
268 2077 382 2156 publice
402 2078 559 2156 impensam
578 2079 748 2148 faciendam,
770 2101 832 2140 nec·
848 2073 1043 2160 prohibendos

128 2169 174 2215 'ex
186 2155 296 2232 privato
309 2155 429 2224 redimi3
449 2157 473 2214 si
487 2158 589 2234 quibus
603 2170 752 2234 argentum
767 2159 795 2215 in
809 2162 973 2235 ¹praesentia
993 2159 1044 2220 de·

128 2234 221 2303 'essen
236 2233 360 2292 dandam
376 2251 413 2291 ex
427 2235 698 2314 aerariopecuniam
718 2231 857 2305 mutuam,
877 2235 1044 2314 praedibus·

132 2315 136 2320 '
162 2321 193 2376 ve
213 2312 390 2388 ac'praediis
414 2313 572 2371 cavendum
597 2315 713 2392 populo,
733 2326 901 2374 censerent:
922 2324 984 2374 turn
1009 2313 1044 2373 T.

127 2329 268 2446 'idonius
278 2389 449 2466 Torquatus,
463 2391 573 2468 priscae
587 2391 622 2448 ac
633 2391 719 2450 nimis
732 2391 830 2460 durae,
849 2404 881 2450 ut
901 2388 1044 2482 plerisque

128 2464 295 2534 uidebatur,
310 2466 476 2535 severitatis,
491 2468 681 2544 interrogatus
701 2470 882 2534 sententiam,
903 2480 943 2525 rto
963 2469 1044 2550 locul-

130 2549 183 2601 tus
194 2543 304 2600 tenues
323 2551 343 2580 ⁴⁴
360 2543 391 2599 Si
404 2545 603 2602 tantummodo
625 2547 817 2621 postulassent
835 2543 921 2618 legati
935 2561 987 2620 pro
995 2543 1043 2612 iis,

128 2624 156 2656 ⁴³
169 2617 217 2694 qui
237 2619 267 2674 in
286 2617 412 2675 hostium
434 2625 577 2696 potestate
598 2625 674 2689 sunt,
695 2635 727 2678 ut
746 2623 960 2688 redimerentur,
981 2615 1043 2680 sin'e

128 2703 156 2734 '⁴⁴
170 2693 254 2752 obius
280 2694 468 2754 insectatione
491 2711 600 2764 eorum,
627 2698 705 2754 brevi
727 2697 897 2756 sententiam
917 2697 1042 2777 peregisl·

133 2781 156 2810 ⁴⁴
170 2791 240 2830 sem.
276 2772 356 2836 Quid
382 2772 457 2830 enirn
482 2773 558 2832 aiiud
582 2787 666 2851 quam
689 2775 861 2834 admonendi
882 2777 996 2845 essetis-,³
1012 2771 1043 2837 dt

127 2851 275 2908 “imorem
288 2849 426 2908 traditum
440 2867 457 2908 a
470 2853 608 2929 patribus,
627 2853 788 2912 ‘necessario
806 2853 845 2911 ad
866 2873 925 2911 rem
940 2851 1043 2913 miiit'd·

127 2935 155 2965 ·“
167 2945 227 2986 rem
241 2928 382 3005 exempto,
397 2929 545 2988 servaretis
556 2929 583 2986 Ρ·
598 2929 697 2990 'Nunc
716 2945 823 2996 autem,
846 2951 931 3009 quum
952 2929 1043 3010 prope

130 3008 160 3042 ¹⁸³
168 3005 280 3082 gloriati
294 3005 359 3074 sint,
374 3006 454 3084 quod
465 3023 495 3065 se
509 3007 640 3066 hostibus
660 3009 831 3077 dediderint,
850 3004 1042 3086 praeferrique

128 3089 156 3119 ’λ’
170 3085 227 3138 non
248 3082 449 3160 captis'modo
469 3084 497 3140 in
517 3085 578 3143 acie
599 3085 636 3142 ab
657 3085 797 3154 hostibus,
819 3087 975 3144 sedetiam
997 3081 1041 3151 iii,

126 3162 159 3195 ⁴¹
171 3157 218 3234 qui
246 3158 413 3218 Venusiam
426 3160 637 3242 Canusiumque
659 3175 868 3239 pervenerunt,
882 3177 910 3220 at
932 3183 969 3222 ue
981 3157 1041 3237 'ip's‘i
1111 3194 1114 3202 «

127 3239 156 3273 ‘¹‘
170 3235 206 3294 C.
230 3233 365 3294 Terentio
392 3237 510 3306 consuli,
532 3257 654 3316 aequum
678 3241 865 3308 censuerint3
893 3185 960 3296 ndn
980 3237 1041 3320 'vo's

129 3318 156 3352 ³‘
169 3327 280 3378 eorum,
305 3312 404 3372 Patres
425 3315 587 3392 conscripti,
609 3335 681 3395 quae
702 3319 760 3377 ttttc
780 3332 845 3376 acta
865 3307 1041 3398 sunu-igno}

131 3389 347 3466 “rerepetior.
387 3393 485 3469 Atque
500 3392 606 3450 utinam
628 3395 709 3464 haec,
732 3413 804 3472 quae
826 3392 906 3466 apud·
924 3407 973 3470 nos
991 3392 1041 3468 Ja'c·

128 3473 251 3526 *turm
278 3480 350 3538 enm,
366 3467 495 3550 'Ground
514 3472 598 3549 'apud
620 3472 714 3550 ipsum
735 3463 1040 3540 'montumagerem
