2386 3930
439 193 598 264 LIBER
626 203 734 262 xxtv„
975 215 1032 274 noa

126 354 239 436 piarum
252 355 364 416 obviam
382 375 572 442 progressum,
587 359 723 439 pervenit.
764 359 828 418 Nec
841 359 947 420 diutius
955 363 1034 425 ·Poe·

127 435 158 494 ni
182 436 219 494 ad
241 435 395 513 Syracusas
418 437 517 494 morati
537 451 612 498 sunt.
643 450 672 496 et
694 437 848 506 Bomilc0r‚
869 439 952 498 simul
985 461 1035 519 pa·

128 531 192 572 rum
206 513 295 572 fidens
318 513 439 570 navibus
459 513 526 581 suis,
540 515 645 592 duplici
666 515 750 573 facile
772 534 892 574 numero
915 518 1036 578 classem

127 587 302 650 habentibus
328 589 478 658 Romanis,
499 591 583 648 simul
606 591 698 650 inutili
721 593 801 652 morai
824 611 944 654 cernens
968 597 1037 654 nihil

127 667 206 726 aliud
219 669 258 726 ab
272 667 340 732 suis,
354 687 439 744 quam
453 667 577 745 inopiam
598 669 743 744 aggravari
757 671 908 742 sociorum,
923 672 992 732 velis
1008 673 1038 736 in

126 745 218 804 altum
232 743 358 814 datis„in
374 744 504 804 Africam
521 746 694 806 transmisit:
721 758 751 805 ct
764 748 900 820 Himilco,
919 763 1036 810 secutus

126 823 319 900 nequicquam
344 821 518 882 Marcellum
546 823 711 901 Syracusas,
739 824 850 902 siqua,
874 828 1038 905 priusquam

126 899 283 976 majoribus
316 900 405 978 copiis
429 903 606 978 jungeretur,
634 902 747 961 occasio
776 905 921 980 pugnandi
951 918 1036 978 esset,

127 989 280 1054 postquam
303 996 338 1036 ea
361 977 439 1036 nulla
462 979 630 1058 contigerat,
652 991 804 1058 tutumque
823 981 860 1040 ad
882 981 1036 1060 Syracusas

127 1065 157 1114 et
181 1056 358 1116 munimento
382 1067 415 1116 et
435 1056 540 1116 viribus
560 1057 674 1116 hostem
697 1059 843 1128 cernebat,
866 1077 904 1118 ne
933 1059 1037 1120 frustra

127 1133 279 1192 assidendo
309 1133 524 1212 spectandoque
550 1135 727 1195 obsidionem
754 1136 897 1198 sociorum
924 1147 1038 1216 tempus

126 1221 241 1280 tereret,
265 1222 359 1271 castra
379 1212 447 1272 inde
470 1211 577 1272 movit:
597 1227 639 1283 ut,
653 1232 825 1292 quoeunque
837 1215 967 1274 vocasset
987 1216 1037 1276 de-

127 1287 259 1346 iectionis
285 1290 323 1348 ab
352 1289 490 1348 Romanis
516 1309 594 1381 spes,
619 1292 784 1352 admoveret
810 1291 977 1362 exercitum,
1001 1312 1037 1355 ac

127 1383 262 1443 praesens
280 1384 346 1426 suas
366 1387 412 1428 res
432 1367 594 1428 foventibus
607 1369 724 1429 adderet
738 1369 858 1428 animos.
897 1367 1038 1450 Murgan-

127 1443 199 1502 tiam
212 1444 342 1522 primum,
357 1445 469 1524 prodito
490 1448 527 1504 ab
548 1447 615 1522 ipsis
638 1447 778 1521 praesidio
800 1447 941 1518 Romano,
955 1469 1039 1509 rece-2

126 1520 186 1599 pit;
215 1521 265 1580 ubi
288 1521 426 1580 frumenti
445 1539 551 1596 magna
564 1521 605 1578 vis
626 1534 860 1599 commeatusque
873 1525 965 1584 omnis
985 1546 1035 1602 ge·

127 1599 203 1658 neris
217 1599 348 1656 convecti
363 1607 445 1655 erant
460 1597 607 1656 Romanis.

167 1674 322 1744 XXXVII.
363 1677 415 1732 An
436 1673 513 1744 hanc
532 1673 721 1734 defectionem
737 1675 825 1734 erecti
846 1688 912 1736 sunt
926 1688 955 1736 et
969 1679 1036 1738 alia·

127 1772 190 1812 rum
210 1752 369 1814 civitatium
388 1751 495 1810 animis
515 1752 713 1830 praesidiaque
735 1753 866 1812 Romana
879 1763 930 1812 aut
949 1755 1037 1830 pelle·

126 1831 233 1890 bantur
252 1831 375 1901 arcibus,
390 1841 449 1900 aut,
470 1830 583 1908 prodita
605 1849 656 1908 per
675 1830 815 1902 fraudem,
836 1831 1038 1910 opprimeban-

126 1922 183 1970 tur.
224 1908 338 1976 Henna,
360 1908 476 1967 excelso
499 1909 571 1978 beo,
586 1928 621 1968 ac
641 1919 794 1986 praerupto
818 1909 953 1987 undique,
974 1910 1038 1981 sita,

127 2004 216 2065 quum
228 1985 293 2044 loco
306 1986 535 2062 inexpugnabilis
550 1999 619 2056 erat,
644 1999 706 2046 tum
729 1987 901 2063 praesidium
915 1987 945 2044 in
970 2006 1037 2048 arce

127 2063 262 2132 ualidum,
276 2062 510 2140 praefectumque
523 2065 656 2142 praesidii
672 2064 750 2122 haud
763 2083 832 2124 sane
845 2077 1039 2156 opportunum

128 2140 336 2210 insidiantibus,
360 2139 496 2200 habebat.
545 2141 581 2198 L.
601 2142 732 2200 Pinarius
753 2153 824 2210 erat,
846 2163 888 2199 ιιι·
909 2161 984 2212 acer,
1009 2155 1039 2202 et

128 2219 176 2297 qui
199 2218 264 2296 plus
283 2220 312 2277 in
333 2237 377 2289 eo,
392 2237 430 2278 ne
451 2229 549 2296 posset
569 2218 671 2296 decipi,
687 2236 772 2297 quam
794 2217 825 2276 in
845 2218 902 2278 fide
927 2221 1038 2280 Siculo·

127 2316 199 2366 rum,
223 2307 396 2375 reponeret:
427 2307 458 2356 et
478 2308 541 2355 tum
564 2297 746 2357 intenderant
767 2309 833 2355 eum
855 2296 893 2355 ad
919 2299 1039 2358 cavendi

127 2374 224 2434 omnia
237 2393 334 2434 curam
347 2385 392 2433 tot
413 2375 528 2434 auditae
551 2377 726 2454 proditiones
740 2373 972 2453 defectionesque
987 2395 1039 2434 ur-

127 2453 217 2521 bium,
245 2464 275 2512 et
301 2452 398 2510 clades
424 2452 659 2530 praesidiorum..
694 2453 797 2530 Itaque
823 2465 909 2512 nocte
936 2453 1040 2528 dieque

108 2534 210 2611 *Juxta
230 2540 330 2608 parata
352 2529 548 2608 instructaque
566 2531 664 2590 omnia
686 2529 824 2590 custodiis
847 2548 882 2587 ac
895 2527 997 2603 vigiliis
1010 2547 1040 2587 e-

126 2620 215 2668 rant:
247 2624 302 2666 nec
328 2608 366 2665 ab
393 2607 478 2666 arinis
504 2619 555 2667 aut
580 2610 655 2684 loco,
672 2627 725 2666 suo
751 2606 833 2664 miles
853 2603 1038 2666 abscedebat.

128 2684 216 2752 Quod
230 2684 280 2742 ubi
294 2683 495 2743 Hennensium
513 2685 664 2763 principes,
682 2687 742 2763 jam
761 2682 839 2761 pacti
853 2701 921 2741 cum
934 2682 1039 2743 Himil-

128 2783 202 2824 cone
222 2762 259 2822 de
280 2761 441 2841 proditione
455 2763 596 2841 praesidii,
617 2762 885 2831 animadverterunt,
900 2761 971 2820 nulli
990 2782 1039 2824 oc-

127 2839 235 2902 casioni
258 2840 365 2900 fraudis
390 2840 554 2900 Romanum
576 2851 683 2918 patere,
709 2839 803 2918 palam
825 2849 924 2898 rentur
950 2859 1037 2920 agen·

129 2921 207 2978 dum.
246 2919 357 2980 Urbem
370 2937 524 2998 arcemque
544 2937 614 2978 suae
633 2919 793 2996 potestatis,
814 2917 904 2990 aiunt
926 2919 1034 2980 debere

127 3017 200 3068 ease,
227 2996 251 3054 si
277 2997 358 3056 liberi
382 2997 411 3056 in
434 2999 611 3068 societatem,
633 3016 692 3058 non
715 2995 787 3056 servi
813 2997 843 3056 in
867 2997 1037 3067 custodiam,

128 3073 225 3133 traditi
247 3085 343 3132 essent
366 3073 513 3133 Romanis.
553 3076 650 3152 itaque
672 3075 766 3134 claves
786 3083 932 3151 portarum
955 3071 1036 3131 reddi

130 3152 185 3210 sibi
206 3168 327 3226 aequum
355 3162 492 3210 censente
520 3152 605 3212 bonis
629 3151 713 3211 sociis
736 3152 821 3211 fidem
843 3169 925 3209 suam
946 3150 1036 3209 maxi-

129 3246 210 3292 mum
223 3229 366 3288 vinculum
387 3247 465 3290 esse:
488 3240 518 3288 et
531 3230 571 3288 ita
589 3229 643 3288 sibi
656 3249 694 3308 po
715 3229 795 3288 ulum
809 3229 974 3286 Romanurn
992 3246 1036 3284 se·

128 3317 285 3383 natumque
304 3307 409 3382 gratias
422 3305 597 3377 habiturum,
612 3307 634 3365 si
656 3250 794 3376 veientes,
813 3323 848 3364 ac
861 3324 919 3364 non
933 3305 1035 3372 coacti,

128 3384 299 3446 mansissent
311 3383 341 3440 in
353 3383 487 3442 amicitia.
527 3386 578 3444 Ad
591 3404 626 3444 ea
639 3385 797 3451 Romanus,
808 3401 839 3440 se
852 3382 881 3440 in
914 3379 1036 3440 raesidio

127 3461 292 3548 impositum
313 3480 385 3536 esse,
406 3461 512 3536 dicere,
534 3465 571 3524 ab
593 3465 765 3541 imperatore
788 3477 859 3526 suot
885 3401 1036 3538 ciavesque
