2406 3932
142 237 199 296 162
492 231 529 291 Τ.
557 231 699 292 LlVlI

142 407 243 468 mum
257 386 403 448 Nolanum
415 386 501 446 misit.
539 387 628 454 Quod
646 387 698 446 ubi
711 384 911 446 animadvertit
924 385 1053 446 merod·

143 469 198 537 lus,
213 467 357 544 externplo
370 466 399 522 in
412 465 503 526 aciem
517 466 616 543 cupias
638 465 754 524 educit:
785 483 877 542 neque
901 465 1053 526 Hannibal

144 545 324 605 detrectavit.
363 543 447 603 Mille
459 543 519 602 fere
532 563 669 621 passuum
682 543 757 603 iuter
778 543 879 602 urbem
892 556 973 602 erunt
988 561 1054 602 cas-

143 637 253 702 traque.
272 641 308 681 ao
331 622 424 700 spatio
448 632 490 697 tet
512 631 580 680 sunt
600 622 696 680 omnia
719 619 812 698 campi
834 622 913 680 circa
932 619 1054 698 Nolam)

145 711 358 761 concurremus.
419 699 545 769 Clamor,
579 719 616 758 ex
643 710 724 778 porte
756 700 878 776 nitrique
910 699 1053 770 sublatus,

143 778 289 918 illl?
303 797 348 915 ii
363 777 1054 935 xllllssllsttlttilts‘timb

144 935 250 994 Nolani
270 935 363 995 aciem
388 935 549 993 Romanam
571 945 728 992 auxerunt:
763 953 844 1011 quos,
864 933 1053 1003 collaudatos,

144 1013 303 1074 Marcellus
322 1016 351 1071 in
369 1013 502 1072 subsidiis
520 1024 606 1082 stare,
626 1024 656 1070 et
669 1011 782 1070 saucios
800 1031 837 1070 ex
859 1013 923 1070 acie
942 1011 1054 1081 efferre,

141 1092 244 1172 jussit3
263 1092 361 1170 ptrgud
373 1086 525 1158 abstinere,
539 1091 568 1148 ni
582 1092 620 1148 ab
634 1109 665 1149 se
678 1091 792 1168 signum
805 1090 999 1179 accepissent.-

148 1202 150 1206 ·
183 1169 276 1228 XLV.
296 1169 468 1228 Psosmurt
488 1179 550 1227 erut
574 1186 700 1246 anceps:
730 1169 843 1228 summi
863 1187 890 1224 vr
909 1178 940 1226 et
962 1166 1056 1226 duces

144 1249 341 1310 hortabantur,
356 1259 385 1304 et
399 1246 503 1304 milites
516 1248 694 1322 pugnabant.
734 1246 892 1306 Marcellus
904 1245 990 1304 victis
1002 1263 1054 1304 au-

143 1337 174 1383 te
187 1323 263 1381 diem
276 1323 402 1389 tertium,
415 1323 523 1396 lugetis
536 1337 605 1382 ante
618 1341 727 1402 paucos
745 1327 808 1383 dies
821 1343 840 1382 a
861 1324 971 1393 Cumis,
990 1325 1053 1402 pul·

143 1402 181 1460 sis
195 1399 287 1478 priore
300 1417 376 1458 anno
389 1401 427 1457 ab
442 1396 518 1456 Nola
541 1401 579 1458 ab
602 1399 705 1459 melem
726 1421 758 1460 se
781 1401 866 1466 duce,
882 1403 973 1461 milite
986 1402 1054 1472 alio,

142 1481 248 1538 instare
259 1478 353 1557 jubet.
394 1477 460 1536 Nou
473 1495 575 1538 omnes
588 1497 652 1540 esse
665 1477 694 1535 in
708 1479 788 1538 scier
817 1478 991 1554 praedantes
1005 1498 1054 1536 va-

143 1558 203 1636 guri
217 1557 246 1615 in
261 1573 339 1635 sgro.
359 1556 420 1626 sed,
434 1558 481 1635 qui
495 1569 635 1636 pugnent,
648 1575 775 1617 marcere
799 1555 949 1636 Campani
963 1549 1054 1614 'luxu-

143 1631 203 1703 rid3
222 1637 298 1702 vino,
313 1647 343 1695 et
356 1635 467 1704 scortis,
480 1639 671 1720 omnibusque
691 1636 796 1704 lustris,
816 1653 868 1712 per
887 1647 978 1694 totam
991 1632 1053 1693 hie-

145 1733 220 1774 mem
234 1715 392 1774 conlbctos.
432 1714 542 1773 Abisse
555 1715 632 1770 illam
652 1714 710 1769 vim
729 1714 922 1786 vigoremque,
942 1712 1054 1788 dilapsa

144 1811 207 1851 esse
229 1794 332 1851 robora
355 1807 505 1866 corporum
528 1791 752 1862 animorumque,
777 1785 880 1862 quibus
910 1787 1055 1864 Pyrenaei

144 1866 320 1944 Alpiumque
332 1877 466 1940 superata
479 1865 536 1920 sint
545 1867 624 1940 juga.
644 1863 776 1941 reliquias
789 1862 903 1921 illorum
916 1867 1053 1936 virorum,

139 1945 190 2003 uix
216 1961 295 2000 erma
324 1942 509 2017 membraque
530 1939 713 2010 sustinentes,
733 1959 871 2020 pugnare.
921 1942 1054 2022 Capuam

142 2011 300 2079 Hannibali
333 2017 448 2076 Cannas
478 2017 577 2077 fuisse.
610 2019 651 2077 ibi
676 2020 812 2082 virtutem
838 2020 982 2092 bellicam,
1012 2023 1053 2081 rbi

142 2098 292 2156 militarem
319 2095 509 2178 disciplinam,
537 2096 578 2157 ibi
599 2099 745 2176 praeteriti
772 2100 910 2180 temporis
935 2099 1053 2170 famam,

142 2175 182 2234 ibi
196 2193 276 2252 spem
299 2175 388 2234 futuri
408 2176 591 2236 exstinctum.
632 2179 730 2244 Quum
754 2178 828 2236 baec
850 2178 1053 2254 exprobrando

141 2251 218 2312 hosti
233 2253 392 2313 Marcellus
404 2273 520 2312 suorum
539 2253 663 2322 militum
682 2257 792 2314 animos
816 2256 951 2330 erigeret!
968 2256 1054 2313 Han·

142 2331 219 2391 nibal
233 2333 326 2391 multo
339 2331 515 2408 gravioribus
534 2332 647 2408 probris
670 2332 748 2390 incre
769 2333 856 2390 ebat:
884 2327 977 2390 Arma
995 2333 1053 2411 sig-

142 2429 237 2490 naque
249 2411 351 2470 eadem
365 2427 537 2477 sss-noscere,
552 2427 626 2501 quae
638 2410 678 2500 erl
691 2351 1054 2503 Treiiumulresimenum-

143 2487 419 2646 simiai
438 2487 1055 2646 ittlsliiztlltlsstt‘nlltt

142 2647 180 2713 ds
190 2648 339 2706 eduxisse.
378 2656 396 2686 ‘¹
409 2645 591 2724 Legatumue
605 2647 772 2711 Romanum
786 2661 815 2706 et
829 2645 949 2726 legionis
968 2645 1055 2706 unius

141 2732 162 2766 ⁴⁶
174 2733 264 2798 utque
276 2726 342 2783 clue
353 2743 458 2802 magno
472 2726 628 2784 certamine
638 2724 685 2783 vix
699 2724 968 2800 toleratispugnam
980 2743 1054 2802 quos

144 2808 161 2840 ⁸⁴
174 2799 261 2856 binus
270 2802 522 2866 aciesconsulares
534 2821 679 2880 nunquam
690 2801 905 2860 sustinuerunt?
925 2801 1054 2860 Marcel-

144 2885 161 2916 1‘
174 2876 220 2933 lus
232 2875 326 2940 tirone
339 2878 439 2944 milite,
453 2896 489 2934 ac
503 2878 624 2935 Nolanis
636 2877 778 2942 subsidiis,
798 2877 907 2934 inultus
919 2893 972 2934 nos
989 2881 1052 2954 jam

143 2949 277 3012 “iterim
290 2952 430 3011 lacessit?
463 2953 523 3011 Ubi
531 2953 580 3011 ille
588 2971 670 3011 metra
677 2951 759 3009 miles
771 2965 825 3021 est,
836 2953 894 3032 qui,
902 2966 1003 3032 erepto
1013 2975 1053 3016 ex

143 3027 1052 3172 1:smusrssssrsusummr

145 3201 163 3234 ¹⁸
175 3190 294 3264 destrae
307 3187 447 3270 torpenti
466 3189 580 3267 enquid
590 3186 711 3267 prodigii
724 3197 770 3248 ert
778 3187 879 3248 aliud?
899 3191 957 3255 Qui
968 3153 1052 3268 piuci

144 3279 167 3346 “.
175 3269 270 3347 plures
284 3266 398 3328 vincere
411 3265 489 3328 soliti
502 3268 580 3338 estis,
594 3285 671 3326 nune
684 3266 784 3345 paucis
798 3268 895 3345 plures
905 3269 951 3326 vin
962 3263 1052 3329 resta-

142 3337 162 3388 i‘
175 3348 222 3404 tis.
262 3343 499 3410 Rbmamvosex
580 3359 687 3415 abusos,
701 3346 725 3406 si
738 3345 943 3426 quisducerst‚
963 3346 1052 3409 fortes

141 3425 162 3464 ί·
174 3422 282 3500 lingui,
294 3426 457 3504 jactaberis.
524 3443 544 3484 n
556 3443 634 3485 nunc
647 3425 741 3485 minor
747 3425 793 3484 esi
799 3443 859 3485 res.
872 3425 920 3485 hic
929 3422 1049 3501 experiri

142 3503 162 3538 ‘⁸
172 3498 232 3557 vim
243 3502 436 3586 virtutemque
448 3504 523 3566 volo.
543 3503 716 3585 Expuguate
730 3503 845 3578 Nolam,
859 3499 1050 3582 mpuwm
