2406 3932
427 246 603 348 ‚LIBER
633 239 744 310 mv.
984 252 1038 322 17'1'

132 399 225 482 nonis,
239 397 414 487 'regnumque
427 405 465 466 atl
481 388 699 488 Hieronymum,
713 413 848 484 nepotem
863 408 934 542 q'us,
949 418 1041 468 traor-

26 560 31 564 .
136 487 247 554 latum;
265 502 386 565 puerum
405 485 522 543 vixdum
542 487 715 554 libertatern,
735 483 843 562 nedum
889 487 1040 546 ominatio-

134 582 209 633 nem,
230 565 342 624 modice
365 564 498 621 laturum.
537 563 629 622 Laete
652 564 682 621 id
704 561 850 639 ingenium
869 572 979 622 tutores
996 575 1047 622 atev
1142 573 1145 582 '

133 660 189 719 que
202 643 285 720 amici
300 641 337 699 ad
358 639 603 718 praecipitandum
616 640 646 696 in
659 640 756 698 omnio
766 640 834 699 vitio
842 653 1040 720 ¹acceperunt:

152 737 206 779 uae
228 721 270 778 ito
288 719 385 776 future
406 735 534 785 cemens‚
551 717 641 776 Hiero
661 717 762 776 ultimis
781 721 898 779 senecta
916 720 1041 778 voluisse

132 739 239 856 dicitur
258 797 362 855 liberas
387 795 541 875 Srecusas
564 795 732 871 relinquere,
754 815 794 854 ne
814 799 868 854 sub
892 797 1042 858 dominatu

133 875 236 952 puerili
247 893 299 952 per
311 873 473 941 ludibnnm,
487 873 573 932 bonis
584 873 694 931 artibus
706 884 819 951 parturn
831 875 1041 955 firmatumque,

133 952 263 1011 interiret
284 969 414 1029 regnum.
453 949 539 1009 Huic
556 949 674 1008 consilio
693 953 758 1028 ejus
779 953 891 1010 summa
913 971 968 1031 ope
989 957 1042 1013 ob-

133 1027 328 1098 stiterefiliae,
343 1047 448 1088 nomen
471 1028 579 1104 regium
604 1045 692 1106 penes
712 1047 833 1108 puerum
851 1027 978 1088 futurum
997 1049 1043 1089 ra·

134 1119 191 1176 tce,
213 1107 341 1184 regimen
362 1123 457 1166 rerum
488 1105 615 1163 omnium
641 1123 731 1184 penes
752 1125 786 1165 se
808 1106 939 1184 virosque
963 1126 1042 1178 suos,

135 1185 378 1244 Andranodorum
395 1196 432 1242 'et
452 1183 611 1260 Zoippumt
641 1201 708 1241 narn
723 1184 743 1242 ii
755 1194 883 1243 tutorum
896 1185 980 1262 primi
999 1205 1047 1244 re·

80 1301 82 1311 .
135 1261 346 1340 linquebantur.
388 1261 454 1320 Non
467 1261 551 1342 facile
571 1271 633 1320 erat
645 1263 864 1340 nonagesimum
882 1265 942 1340 jam
956 1281 1046 1340 agen·

133 1340 157 1398 ti
171 1359 287 1410 annum,
301 1340 488 1399 circumsesso
501 1339 563 1398 dies
585 1349 743 1418 noctesque
755 1339 941 1400 muliebribus
962 1343 1044 1400 blan·

133 1417 219 1488 ditiis,
233 1418 353 1477 liberare
375 1417 511 1488 animum,
525 1428 555 1476 et
578 1427 744 1480 convertere
759 1419 798 1476 ed
821 1419 964 1496 publicam
987 1420 1044 1498 pri·

133 1505 201 1554 vata
213 1503 330 1555 curam·
359 1494 462 1572 Itaque
475 1504 586 1552 tutores
608 1494 696 1552 modo
707 1496 871 1572 quindecim
895 1515 984 1574 puero
998 1511 1047 1556 rc·v

133 1573 234 1652 liquit:
255 1591 328 1650 quos
350 1583 484 1647 precatus
508 1580 553 1626 est
575 1571 709 1640 moriens,
722 1581 757 1628 ut
769 1571 855 1628 fidem
869 1591 938 1648 erga
950 1593 1041 1650 popu·

133 1652 194 1709 lam
208 1651 382 1716 Romanurn,
397 1646 604 1725 quinquaginta
616 1663 706 1705 annor
721 1649 759 1706 ab
773 1665 806 1705 se
819 1648 934 1718 cultam,
955 1651 1044 1709 inrio-

133 1728 223 1787 lctam
244 1739 399 1795 servarent,
423 1725 616 1804 juvenemque
637 1723 696 1782 suis
718 1724 897 1804 potissimum
920 1729 1044 1803 vestigiis

134 1805 265 1864 insistere
287 1804 402 1874 vellent,
426 1800 660 1884 disciplinaeque,
683 1801 712 1860 in
733 1819 791 1880 qua
816 1802 937 1862 edoctus
960 1817 1046 1863 esset.

135 1883 221 1942 llaec
241 1882 386 1940 mandeba.
426 1883 526 1945 Quum
546 1881 727 1958 exspirasset,
751 1891 934 1958 portatores
958 1893 1045 1941 testa-

134 1971 232 2018 mento
256 1959 377 2037 prolato,
395 1976 542 2036 pueroque
562 1959 593 2015 in
615 1959 785 2018 concionem
807 1959 957 2038 producto,
972 1961 1047 2040 (erat

134 2047 233 2096 autem
246 2035 408 2114 quindecim
431 2045 502 2093 tunc
523 2036 614 2094 ferme
637 2035 787 2115 annorum)
800 2039 909 2116 paucis,
921 2038 972 2117 qui
994 2057 1046 2117 per

135 2113 305 2174 concionem
327 2113 366 2170 ad
389 2113 558 2186 excitandos
578 2112 722 2178 clamores,
740 2113 868 2192 dispositi
889 2127 979 2184 erant,
995 2135 1045 2195 ap·

134 2193 324 2286 probantibus
347 2201 561 2261 tastamentum,
586 2191 697 2260 ceteris,
721 2190 801 2250 velut
825 2204 907 2269 patre
930 2195 1044 2264 amisso,

134 2289 165 2330 m
191 2272 262 2330 orba
288 2269 403 2328 civitate
429 2268 526 2327 omnia
549 2268 724 2346 timentibus,
751 2269 839 2328 funus
852 2271 898 2328 ¹lit
924 2273 1043 2348 reglum,

127 2349 227 2425 magis
246 2367 343 2407 amore
355 2347 459 2406 civiuin
481 2357 512 2406 et
530 2347 658 2418 caritate,
676 2365 763 2425 quam
776 2347 846 2406 cura
859 2363 983 2420 suorum,
999 2371 1046 2410 ce·

135 2427 225 2485 lebre.
254 2425 380 2484 'Deinde
406 2427 525 2485 ceteros
542 2435 653 2485 tutores
677 2426 827 2484 submovet
854 2427 1046 2486 Andrauodo·

135 2521 193 2573 rue,
207 2505 343 2581 juvenem
363 2505 423 2579 jann
446 2521 510 2563 esse
522 2503 657 2562 diotimus
679 2503 900 2582 Hieronymum,
910 2521 951 2560 *ac
964 2507 1045 2580 regni

135 2591 304 2660 potentemt
324 2579 551 2658 deponendoque
571 2581 691 2640 tutelam
714 2581 784 2656 ipse,
798 2599 873 2656 quae
892 2597 962 2644 cum
982 2581 1045 2657 plu-

137 2659 217 2717 ribus
230 2657 474 2726 communicent,
487 2658 517 2714 in
540 2677 572 2716 se
592 2675 685 2714 unum
700 2657 831 2722 omnium
843 2657 916 2716 vires
930 2675 1048 2719 conver·

137 2736 183 2796 iii·
436 2738 438 2744 Ι
462 2757 464 2765 ’
544 2737 547 2742 '
585 2739 588 2748 ¹
827 2759 831 2769 ”
1007 2763 1009 2770 ⁴

177 2813 214 2872 V.
254 2812 316 2870 er
336 2811 455 2890 quidem'
473 2812 523 2871 ulli
544 2815 621 2872 bono
644 2813 850 2892 moderatoque
871 2813 932 2892 regi
955 2815 1047 2876 facilis

23 2913 28 2923 ·
135 2893 199 2952 erat
217 2891 297 2950 satior
319 2891 397 2967 apud
421 2889 625 2970 Syracusanos,
640 2891 806 2950 succedenti
825 2903 923 2952 tantae
937 2897 1048 2955 caritati

137 2969 283 3031 Hieronis.
322 2987 420 3026 rerum
444 2969 602 3028 enimvero
624 2969 829 3046 Hieronymus,
844 2973 922 3032 velut
936 2975 994 3032 suis
1008 2975 1048 3031 vi·

136 3047 185 3104 tiis
218 3045 435 3104 desiderabilem
462 3047 574 3106 elli'cere
600 3047 686 3106 vellet
714 3065 807 3117 nrum,
834 3050 926 3127 primo
952 3051 1048 3108 statim

138 3128 306 3199 conspectu,
326 3123 423 3181 omnia
442 3141 527 3200 quarn
547 3119 683 3202 disparia
695 3137 799 3194 essent,
820 3127 954 3186 ostendit.
972 3145 1049 3196 nam,

138 3199 189 3279 qui
208 3215 260 3277 per
278 3210 323 3258 tot
343 3218 437 3259 'annos
457 3200 626 3269 Hieronem,
643 3201 795 3280 >filiumque
816 3208 877 3282 ejus
897 3203 1050 3274 Gelonem,

138 3297 195 3337 nec
209 3278 295 3334 vastis
317 3277 428 3346 habitu,
442 3297 498 3336 nec
521 3278 577 3337 alio
596 3279 656 3337 ullo
669 3280 781 3358 insigni,
796 3281 959 3340 differentes
972 3302 990 3338 a
1003 3301 1051 3340 ce-

140 3355 209 3416 teris
231 3353 341 3412 civibus
364 3355 511 3424 vidissent,
525 3374 701 3434 conspexere
724 3377 889 3450 purpuram,
902 3375 937 3416 ac
957 3358 1054 3417 diade·

60 3443 63 3450 '
140 3451 199 3504 ma,
213 3449 249 3491 cc
274 3430 574 3508 mtellitesflarmotom
602 3435 804 3512 quadrigrsque
824 3436 911 3492 etiam
925 3435 1055 3494 alborum

142 3529 285 3591 equorum
309 3509 452 3572 interdum
465 3527 503 3574 ex
525 3512 603 3590 regia
623 3513 836 3592 procedentem,
851 3529 930 3570 more
944 3513 1055 3593 Diony·
