2406 3932
344 279 356 310 ,
448 233 608 299 LIBER
638 233 735 296 xxti.
775 225 778 230 ’
1006 241 1044 302 99

141 395 288 454 “testatis
306 395 367 455 erit.
407 395 494 454 Erras
520 396 605 464 enim,
633 394 669 452 L.
696 391 806 462 Paulis,
828 389 852 450 si
875 387 927 450 tibi
952 389 1046 450 nanus

144 474 335 532 “certaminis
354 491 422 533 cum
443 474 478 530 C.
501 474 756 548 Terentianum
781 487 847 528 cum
870 468 1045 536 Hannibale,

143 557 162 586 ‘¹
176 551 300 610 futurum
321 569 433 610 censes.
455 551 551 608 nmcio
573 566 609 606 sn
635 548 764 606 infestior
785 546 834 606 hic
859 543 1046 616 sdverndm,
1096 555 1109 576 ⁸

143 635 161 663 “
174 645 257 704 quarn
279 631 328 688 iile
349 629 450 694 hostis,
471 637 585 684 maneat
597 645 613 682 2·
635 643 701 683 cum
721 625 770 684 illo
789 625 818 682 in
838 624 900 684 soie
922 635 1045 694 tantum,

142 713 160 742 ‘⁴
172 725 238 764 curn
253 707 310 764 hoe
324 707 457 764 omnibus
478 703 549 762 iocis
568 715 604 760 ae
623 703 808 779 temporibus,
822 714 981 764 certaturus
995 721 1045 762 est

132 786 158 818 '⁸‘
173 795 203 841 et
223 783 360 842 adversus
379 781 584 850 Hannibalem,
605 778 787 858 legionesque
799 784 869 858 sius,
891 782 946 840 tuis
1003 781 1046 840 ui·

140 869 158 897 ‘⁴
172 861 251 918 tibus
272 879 307 919 ao
330 861 473 936 peditibus
496 857 683 938 pugnandum
703 857 755 916 tibi
778 871 840 916 ests
869 859 958 918 Varro
1006 875 1047 916 ux

140 945 160 972 ‘¹
175 937 232 994 tuis
246 937 383 996 miiitibus
402 948 432 996 te
445 950 490 995 est
502 946 728 1016 oppugnaturus.
768 933 878 994 Omisis
901 938 987 996 stiam
1010 939 1045 995 ti-

108 1058 112 1071 .
141 1019 161 1050 ‘⁴
174 1015 203 1072 bi
217 1017 307 1074 causei
326 1011 401 1074 obsit
422 1015 457 1074 C.
478 1013 606 1072 Flaminii
627 1012 775 1071 memoris·
795 1015 957 1072 temenitis
977 1033 1046 1072 con·

140 1098 160 1128 ⁴*
174 1091 217 1149 sul
231 1093 357 1162 demum,
380 1104 409 1152 et
429 1093 458 1149 in
482 1091 635 1170 provincia,
656 1101 688 1150 et
705 1089 747 1148 sd
762 1089 930 1158 munitum,
951 1091 1047 1166 eoepit

142 1168 287 1228 “fureret
314 1171 372 1240 hic,
398 1170 563 1248 priusquam
589 1178 700 1246 peteret
724 1167 914 1235 oonsaistum,
942 1166 1046 1226 deinde

141 1255 160 1283 ⁴‘
173 1247 202 1303 in
230 1249 355 1324 petendo
381 1248 542 1317 consulatu,
576 1263 653 1305 nunc
680 1263 793 1324 quoque
820 1245 929 1313 conari,
956 1244 1048 1322 prius·

140 1333 159 1360 ¹‘
173 1343 259 1400 quam
272 1335 366 1400 castra
386 1326 480 1385 videat
500 1335 551 1384 sut
573 1325 695 1394 hostem,
715 1323 829 1382 insanit.
848 1335 887 1391 st,
911 1323 959 1400 qui
983 1334 1046 1382 tsn-

141 1410 161 1438 “
174 1413 218 1460 tas
235 1405 294 1479 jem
309 1421 385 1462 nune
406 1403 553 1481 prosedas,
573 1402 682 1481 proelia
699 1413 787 1479 atque
806 1401 883 1460 soios
899 1401 1045 1478 jocundo,

141 1487 159 1516 ‘⁴
173 1480 246 1539 inter
272 1491 386 1559 togatos
413 1483 479 1550 siet,
507 1481 580 1557 quid·
602 1482 676 1538 inter
701 1491 840 1536 ennatsm
865 1481 1044 1555 juvonrutem

140 1565 160 1594 ‘⁶
173 1576 273 1616 censes
285 1559 439 1627 facturum,
460 1568 489 1616 et
502 1557 553 1617 ubi
566 1557 711 1634 extemplo
730 1557 818 1614 verba
827 1604 829 1618 ,
837 1575 882 1619 res
895 1556 1046 1632 sequitur?

142 1643 163 1672 ‘⁶
178 1636 276 1712 Atqui,
301 1637 324 1692 si
344 1635 401 1704 hic,
425 1634 502 1712 quod
515 1633 658 1692 fauturum
672 1653 704 1691 ss
715 1633 877 1700 darmatas,
895 1633 1045 1711 ‘externplo

141 1721 160 1828 :t
173 1709 765 1866 satanitarumrtem
876 1709 1048 1848 tum

391 1831 400 1858 9
528 1829 536 1858 2

140 1876 158 1906 ‘⁸
172 1868 253 1926 locus
279 1869 383 1926 nostris
411 1867 540 1926 cladibus
564 1868 631 1926 erit.
670 1865 734 1924 Neo
759 1866 899 1942 gbffindi
934 1879 1047 1942 tempus
1096 1935 1103 1948 k

140 1955 160 1984 ⁴⁴
173 1945 308 2002 adversus
335 1963 424 2003 uniam
450 1957 515 2011 est;
549 1955 580 2002 et
605 1963 669 2020 ogo,
703 1944 914 2004 contemnendo
941 1945 1047 2020 potius,

141 2033 162 2062 ‘⁸
175 2039 261 2100 quam
283 2021 454 2098 appetendo,
476 2022 606 2098 gloriam,
629 2021 747 2078 modum
765 2022 947 2081 excusemu-
988 2021 1047 2080 Sed

141 2109 160 2138 “
174 2101 215 2156 ita
228 2117 273 2156 res
287 2117 319 2156 se
332 2099 498 2158 hebetans
510 2098 584 2156 ratio
596 2098 664 2156 belli
676 2099 794 2173 gerendi
813 2100 950 2158 adversus
964 2099 1047 2156 Han·

140 2187 160 2216 ‘⁴
175 2177 300 2234 nibeiem
323 2183 377 2247 est,
404 2177 461 2253 qud
480 2195 537 2252 ego
552 2176 636 2257 gessi.
662 2192 717 2232 neo
737 2186 856 2238 eventus
876 2177 965 2235 modo
986 2177 1043 2236 Isou

141 2264 159 2294 ‘⁴
173 2255 268 2322 docet,
293 2255 457 2332 (stultorum
476 2254 531 2311 iste
554 2253 688 2329 magister
700 2253 757 2329 est)
775 2252 827 2310 sed
841 2252 942 2311 eadem
962 2255 1046 2324 mun,

139 2341 158 2370 ⁴⁶
173 2351 248 2410 quse
267 2333 330 2400 fuit,
357 2331 518 2409 flatumque,
546 2331 639 2388 donec
662 2347 708 2388 res
731 2329 852 2388 eaedem
878 2331 1047 2402 manebunt,

141 2419 159 2448 ‘⁶
173 2410 357 2468 immutabilia
379 2421 432 2468 est.
473 2409 508 2468 In
532 2408 616 2466 italia
639 2407 747 2466 betium
766 2408 899 2486 gerimus,
925 2409 964 2466 in·
977 2409 1047 2466 sede

141 2495 159 2524 ‘⁸
172 2505 207 2544 ac
221 2487 282 2544 solo
295 2500 402 2546 nostro.
415 2487 512 2545 omnis
529 2486 605 2544 eires
624 2486 710 2563 plena
730 2485 834 2542 civium
855 2502 889 2542 sc
903 2485 1047 2542 sociorum

140 2574 250 2621 “sune
277 2564 371 2630 armis,
398 2564 472 2631 viris,
500 2563 589 2639 equis,
613 2561 822 2623 oommeatibus
842 2564 945 2636 juvant
965 2562 1047 2636 juvn-

142 2650 161 2680 “
174 2641 305 2714 buntque
316 2661 324 2698 r
336 2640 372 2696 ·id
384 2643 442 2716 jam
455 2639 522 2696 fidei
536 2639 741 2698 documentum
761 2638 791 2694 in
812 2635 937 2694 adversis
960 2637 1046 2696 rebus

141 2726 160 2755 ⁴·
175 2717 278 2774 nostris
312 2717 463 2775 dederunt.
489 2715 629 2782 meliores,
657 2714 864 2792 prudentiores,
891 2717 1045 2774 constanti·

140 2803 160 2833 ⁸¹
173 2813 246 2862 ores,
268 2811 321 2854 nos
342 2807 456 2870 tempus
475 2791 593 2869 diesque
605 2793 682 2852 feeit.
723 2790 1001 2862 Hannibsieontra,
1016 2793 1047 2852 in

140 2881 158 2911 ‘⁴
172 2872 273 2942 aliena,
294 2873 322 2929 in
336 2873 432 2932 hostili
445 2883 490 2930 est
513 2882 598 2942 terra,
621 2871 695 2928 inter
714 2869 810 2930 omnia
829 2868 1046 2930 inimicantes

141 2959 158 2987 ‘⁴
172 2961 266 3028 taque,
288 2951 448 3028 proculab
470 2949 566 3017 domo,
594 2949 692 3026 pronai
716 2967 736 3007 a
755 2947 866 3027 pastis:
889 2967 984 3026 nsque
1005 2948 1045 3009 ‘uti

140 3037 159 3068 ‘⁸
173 3030 258 3098 tems,
272 3047 308 3087 ne
349 3029 466 3097 ornari,
491 3037 536 3085 est
557 3044 631 3104 pax;
657 3028 752 3086 nuiise
778 3044 845 3084 eum
865 3027 951 3084 urbes
970 3026 1045 3082 aori·

141 3114 159 3143 ‘⁶
173 3105 264 3180 piunt,
276 3123 317 3176 ¹nu
329 3107 358 3164 ia
375 3107 507 3163 moenis:
531 3105 606 3161 nihii·
615 3120 734 3181 usquam
748 3105 791 3163 sui
805 3103 901 3162 videt:
924 3103 953 3160 in
967 3101 1055 3180 <iiam¹

140 3190 255 3256 “rapto
281 3183 358 3241 visit.
398 3182 513 3240 Partem
536 3182 584 3238 vix
606 3183 720 3244 tertiam
742 3181 886 3243 exercitus
908 3183 971 3257 ejus
993 3179 1047 3236 hs·

141 3259 232 3326 “bet,
266 3276 349 3333 quem
382 3261 500 3318 Iberum
534 3275 648 3318 amnem
675 3262 795 3338 trajecit.
822 3259 918 3335 plutas
942 3256 1043 3340 sapies,

139 3344 159 3375 ⁴*
173 3353 260 3413 quam
281 3335 395 3406 ferrum,
419 3337 598 3413 absumpsit:
621 3355 677 3395 neo
693 3337 738 3394 his
755 3336 854 3413 panus
874 3337 933 3409 Jsm
953 3340 1045 3388 aretas

140 3412 347 3492 “suppeditsn
386 3414 512 3472 Dubitas
533 3433 610 3490 ergo,
638 3414 706 3491 quin
733 3411 860 3470 sedendo
887 3405 1066 3478 superaturi*
1150 3461 1153 3472 s

141 3503 159 3538 ‘⁸
172 3492 261 3560 sium
288 3509 364 3566 eum,
393 3492 598 3576 qui'senescat
616 3492 646 3550 in
667 3491 746 3550 dies:
774 3503 831 3551 non
857 3489 1043 3555 omnus,
