2534 4010
223 247 263 310 72
578 243 612 306 Τ.
639 245 783 306 LlVII

223 401 399 474 necessariis,
425 401 574 462 fructibus
628 401 714 462 Haec
739 419 792 481 per
817 399 1015 479 exploratores
1042 401 1131 461 relata

223 478 323 538 Fabio.
362 481 460 545 Quum
481 480 549 538 satia
568 479 663 550 sciret,
683 499 736 560 per
755 477 872 540 easdem
889 481 1048 556 angustias,
1070 479 1132 557 qui·

223 558 278 616 bus
292 557 445 617 intraverat
459 558 610 618 Falernum
634 577 746 637 agrum,
769 557 934 627 rediturum,
956 557 1132 617 Calliculam

223 643 351 694 montem
365 647 395 694 et
409 636 567 696 Casilinum
587 650 713 716 occupat
732 635 851 696 modicis
871 633 1035 713 praesidils3
1055 653 1135 711 quae

223 713 301 782 urba,
317 711 459 772 Vulturno
472 713 592 774 flumine
612 714 763 795 dirempta,
784 713 937 772 Falernum
958 730 993 770 ac
1005 711 1134 788 Campa·

222 809 292 850 num
306 807 390 868 agros
403 791 523 851 dividit:
543 793 605 871 ipse
622 793 699 872 jugis
722 792 822 850 iisdem
837 791 995 850 exercitum
1008 789 1132 856 reducit,

223 868 311 928 misto
335 885 371 927 ex
391 869 515 928 lotatum
542 890 607 929 cum
635 869 849 949 quadringentis
872 869 1016 948 equitibus
1040 867 1134 926 socio·

224 963 288 1004 rum
311 945 348 1004 L.
404 947 498 1008 ostilio
522 947 679 1006 Mancino:
699 947 757 1026 qui,
771 967 808 1006 ex
828 948 914 1006 turba
931 950 1070 1026 juvenum
1083 963 1134 1004 au·

223 1023 364 1084 mondum
375 1043 462 1105 saepe
475 1025 607 1086 ferociter
626 1023 846 1085 concionantem
866 1026 1034 1102 magistrum
1054 1025 1130 1102 equi·

225 1115 298 1175 tum,
322 1123 487 1182 progressus
513 1102 605 1181 primo
631 1103 819 1182 exploratoris
841 1102 936 1171 modo,
958 1112 991 1160 ut
1011 1119 1047 1160 ex
1069 1113 1134 1184 tutp

225 1182 421 1258 specularetur
438 1181 560 1250 hostem,
575 1181 625 1241 ubl
646 1201 734 1262 vagos
752 1182 857 1261 passim
870 1200 921 1259 per
933 1180 1012 1238 vicos
1026 1177 1134 1236 Numi-

224 1258 278 1317 ‹laa
297 1257 376 1326 vidit,
396 1277 448 1336 per
477 1260 660 1320 occasionem
687 1262 773 1321 etiam
799 1277 908 1338 paucos
933 1257 1049 1317 occidit.
1083 1277 1135 1316 ex·

224 1335 333 1411 templo
345 1350 504 1472 occrppatus
524 1340 681 1398 certamine
701 1348 744 1397 est
764 1339 886 1406 animus,
907 1336 1134 1414 excideruntque

223 1423 379 1492 ptaeoepta
427 1413 575 1484 ‘ctntoris3
607 1418 665 1494 qui,
693 1427 832 1494 quantum
855 1425 920 1472 tuto
939 1427 1047 1492 posset,
1069 1435 1134 1492 pro·

223 1507 363 1568 gressum
376 1493 455 1569 prius
468 1494 595 1573 recipere
618 1513 682 1554 sese
702 1497 834 1572 jusserat,
855 1509 941 1568 quam
961 1491 990 1549 in
1010 1509 1135 1570 conspe·

225 1581 288 1627 tum
309 1567 436 1630 hostium
458 1573 576 1633 veniret.
616 1572 771 1644 Numidae,
791 1571 839 1630 alii
858 1581 945 1648 atque
965 1568 1012 1627 alii
1031 1585 1136 1628 occur-

224 1660 322 1707 santes
336 1649 579 1730 refugientesque,
593 1653 630 1712 ad
645 1667 739 1713 castra
762 1669 852 1728 prope
874 1649 968 1725 ipsum
989 1665 1056 1706 cum
1069 1648 1135 1706 fati-

224 1725 342 1803 gatione
355 1747 492 1807 equorum
506 1741 594 1802 atque
613 1731 761 1784 hominum
780 1736 956 1798 pertraxere.
974 1725 1043 1781 inde
1064 1725 1136 1784 Car·

224 1803 315 1872 thala,
329 1825 418 1880 penes
439 1822 522 1878 quern
546 1819 658 1856 aummn
681 1798 819 1874 equestris
841 1797 950 1874 imperii
967 1810 1038 1865 erat,
1063 1819 1138 1858 con·

224 1880 319 1938 citatis
333 1881 413 1966 equis
426 1880 563 1943 invectus,
579 1891 666 1952 quum
688 1873 776 1952 prius,
798 1889 884 1952 quam
908 1875 946 1932 ad
967 1877 1136 1953 conjectum

224 1953 273 2012 teli
303 1964 422 2020 veniret,
448 1950 598 2011 avertisset
629 1951 751 2023 hostem,
780 1952 906 2031 quinque
928 1953 1017 2012 millia
1043 1953 1136 2014 ferme

223 2028 383 2090 continenti
409 2048 495 2088 cursu
531 2041 649 2093 secutus
683 2047 727 2092 est
761 2032 915 2109 lugiemea.
967 2031 1133 2100 Mancinus,

223 2116 375 2196 postquam
396 2127 453 2168 nec
473 2109 588 2170 hostem
614 2111 752 2172 desistere
778 2109 867 2190 sequi,
888 2131 944 2170 nac
963 2129 1044 2186 apem
1063 2110 1134 2168 vidit

223 2182 378 2260 effugiendi
394 2207 467 2258 esse,
482 2189 649 2250 cohortatus
669 2208 746 2257 suos,
761 2189 789 2246 in
810 2189 950 2265 proelium
963 2187 1056 2253 rediit,
1071 2205 1135 2243 om·

222 2261 253 2319 nl
267 2272 349 2340 parte
362 2265 463 2323 virium
478 2266 577 2342 impar.
616 2263 720 2343 Itaque
732 2265 794 2342 ipsc
814 2277 844 2324 et
866 2264 971 2321 delecti
992 2263 1134 2339 equdem,

223 2340 420 2412 clrnumventi,
439 2343 618 2401 occiduntur.
633 2341 721 2402 ceteri
740 2340 832 2400 effuso
850 2357 949 2398 rursus
968 2359 1053 2398 cursu
1076 2341 1134 2400 Ca·
1207 2381 1208 2394 ,

223 2417 267 2478 let
300 2417 412 2489 riarum,
436 2421 504 2480 inde
545 2439 615 2500 rope
641 2419 723 2478 inviis
749 2418 870 2478 callibus
897 2418 935 2477 ad
961 2418 1133 2478 dictatorcm

223 2515 262 2635 po
326 2510 419 2558 erunt.
459 2497 504 2558 Eo
523 2441 598 2558 irene
625 2499 673 2557 die
700 2497 849 2556 Minucius
878 2515 910 2556 se
943 2499 1136 2574 conjunxerat

250 2577 327 2647 abio,
341 2577 444 2654 missua
457 2579 495 2638 ad
517 2579 689 2638 firmandum
701 2575 843 2655 praesidio
857 2576 971 2644 saltum,
986 2575 1033 2653 qui
1047 2578 1136 2654 supai

221 2649 423 2729 Tamcinam,
438 2660 473 2716 'in
486 2669 580 2718 arctas
593 2670 712 2717 coactus
724 2653 833 2725 fauces,
847 2655 977 2714 imminet
990 2653 1070 2724 mari,
1087 2673 1133 2720 ne,

225 2729 377 2792 immunito
393 2727 507 2815 Appiae
521 2737 620 2806 limite,
636 2735 751 2794 Poenus
763 2735 911 2811 pervenire
924 2734 952 2790 in
962 2751 1061 2809 agrum
1074 2731 1133 2790 Ro·-

225 2825 342 2866 manum
358 2827 464 2886 posset.
505 2815 677 2891 Coniunctis
686 2811 869 2881 exercitibus,
882 2812 1006 2869 dictator
1018 2827 1054 2866 ac
1073 2827 1134 2866 ma·

225 2877 315 2960 gisnes
327 2888 457 2962 equitum
471 2901 566 2947 castra
585 2893 615 2947 in
632 2891 708 2948 viam
734 2889 875 2957 deferunt,
903 2889 960 2965 qui
983 2885 1132 2944 Hannibal

225 2959 366 3022 ducturus
379 2978 451 3024 erat.
463 2966 522 3024 duo
536 2966 604 3026 inde
617 2967 705 3026 millia
715 2967 813 3026 hostes
826 2967 955 3024 aberant.

267 3039 350 3100 XVI.
390 3042 537 3105 Possuno
551 3045 598 3105 die
612 3046 713 3117 Poeni,
728 3045 803 3124 quod
816 3044 879 3104 riae
892 3043 966 3102 inter
981 3041 1051 3100 bina
1071 3059 1132 3115 cap·

226 3129 271 3176 tra
292 3131 363 3189 erat,
385 3122 499 3198 agmine
519 3126 708 3203 complevere.
748 3125 846 3189 Quum
865 3120 989 3180 Romani
1003 3121 1058 3180 sub
1071 3121 1132 3199 ipso

212 3195 519 3272 'nunditisseutrallq
533 3202 611 3262 haud
632 3202 720 3262 dubie
744 3201 878 3280 aequiore
900 3199 975 3269 loco,
996 3199 1131 3260 suecessit

228 3288 327 3342 umen
340 3276 456 3338 Poenus
475 3279 545 3338 cum
562 3280 704 3358 expeditis
724 3280 876 3358 equitibus,
891 3291 980 3357 atque
993 3278 1031 3337 ad
1045 3279 1132 3336 laces·

224 3355 350 3416 sendum
369 3356 482 3416 hostem
502 3358 622 3435 carptim
640 3370 671 3417 et
693 3357 889 3436 procursando
912 3356 1132 3436 recipiendoque

226 3449 292 3494 tusa
318 3453 488 3515 pugnavere.
515 3433 618 3494 restitit
638 3453 692 3494 auo
711 3437 777 3496 loco
798 3437 931 3498 Romana
950 3435 1035 3494 acics.
1054 3431 1132 3492 lenta

228 3521 433 3583 pugnanter
458 3513 604 3576 dictatoris
631 3512 731 3590 tangis,
755 3533 842 3591 quam
871 3511 1050 3580 Hannibalis,
1077 3509 1131 3574 luit
