2386 3930
390 255 544 302 >toronen
565 257 601 299 ru
621 255 749 298 crunon
769 258 847 299 xxm
959 229 968 242 ’
1014 245 1067 302 eet

158 396 272 536 {pneris
295 415 367 466 esse,
392 406 422 456 et
445 395 546 456 eidem
570 397 680 456 ratione
704 396 898 475 explicandus.
949 395 1009 455 Sed
1031 396 1068 456 de

181 475 204 534 's
217 475 295 534 aliis.
344 477 349 488 '

197 559 225 614 8.
266 553 305 610 II.
334 554 354 610 l.
376 556 424 616 27.
464 552 544 610 Ordo
568 553 785 614 videturesse:
816 555 1013 613 Jumeutorum
1035 575 1066 612 u·

157 632 234 691 cerui
246 632 354 690 dubunt
365 631 551 690 necessarium
565 630 654 688 cubile
672 632 878 710 quaerentibus,
894 633 933 689 nd
945 632 1064 710 quietem

146 711 241 790 *puioi
254 711 394 788 ternporin
409 708 518 768 tantum
533 710 609 788 quod
620 718 727 768 extaret
741 711 836 789 uqnb:
859 709 877 769 i.
891 730 916 768 e.
936 709 1066 768 ufforded

155 787 207 846 the
230 807 382 867 necessary
402 787 460 846 bed
484 801 513 846 to
530 797 602 846 'men
624 787 698 856 who,
720 787 764 844 for
787 806 805 844 a
831 787 909 846 short
933 800 1000 858 rest,
1022 807 1054 846 re

155 867 256 944 quired
270 867 340 946 only
354 865 516 942 something
531 865 594 924 that
605 885 668 924 rose
681 866 774 924 above
784 865 834 923 the
848 878 944 924 water.
987 867 1066 926 Stro-

155 945 233 1002 thius
255 945 328 1003 lineo
351 940 445 1002 minsis
468 958 546 1002 recte
568 944 727 1020 expliotsse
751 943 863 1004 videtur
885 944 942 1003 hoc
962 945 1066 1004 modo:

157 1031 176 1060 “
191 1024 298 1082 Acervi
320 1027 514 1101 jumentorum
539 1033 753 1100 prostratorum,
779 1034 900 1086 tontum,
926 1034 1065 1098 quantum

158 1109 177 1140 “
190 1121 290 1160 eorum
312 1122 404 1180 aquae
428 1101 660 1178 superemineret,
684 1100 780 1158 cubile
803 1103 995 1158 necessarium
1016 1101 1085 1176 des-j

86 1196 91 1202 “
142 1185 176 1220 ““
189 1181 270 1246 bunt,
285 1181 489 1258 quaerentibus
503 1179 581 1236 iliud.
617 1178 724 1238 Cubile
738 1179 922 1237 necessarium
934 1178 1010 1234 enim
1022 1178 1067 1236 bis

157 1257 406 1333 “intelligendum
422 1271 474 1326 est,
489 1269 522 1314 ut
535 1277 612 1315 nunc
625 1257 662 1315 ad
677 1257 883 1337 quaerentibus,
905 1275 983 1314 nunc
997 1275 1063 1314 vero

155 1344 176 1372 ‘⁴
189 1337 227 1394 ad
241 1337 348 1404 dubunt
361 1333 524 1395 referetur.”

195 1419 222 1474 9.
264 1415 366 1474 111.1.
395 1421 442 1476 us.
491 1415 578 1472 uerri
604 1413 834 1492 agique-sema
868 1414 996 1472 osenna
1029 1399 1084 1472 Δι’

151 1493 396 1570 praedationibus,
412 1503 445 1548 ut
468 1516 536 1561 equo
550 1517 594 1546 eus
619 1505 695 1568 eugen
713 1491 790 1564 apud
805 1491 942 1547 Graecos.
992 1501 1010 1528 ‘⁴
1025 1490 1067 1548 Ο·

83 1573 88 1578 ’
156 1579 175 1607 “
189 1571 250 1643 rigo
265 1581 361 1637 autem
383 1568 468 1643 hujus
491 1567 641 1625 locutionis
665 1567 731 1624 inde
746 1579 798 1632 est,
820 1567 897 1643 quod
916 1567 945 1624 in
960 1569 1066 1644 praede

157 1655 176 1684 ‘⁴
189 1646 245 1702 aiio
259 1647 325 1703 snut
347 1645 405 1702 vite
428 1646 566 1721 praedira,
589 1644 728 1711 hominm,
743 1663 856 1721 pecora,
874 1647 1014 1720 jumenta,
1036 1665 1066 1702 a·

154 1731 174 1762 ‘⁸
189 1723 301 1801 deoque
315 1733 441 1803 aguntur
450 1749 463 1793 ,·
486 1725 541 1782 aliu
555 1723 689 1792 inanima,
710 1735 749 1791 et,
764 1742 851 1798 quum
866 1724 912 1796 agi
927 1743 983 1780 non
999 1741 1064 1800 pos·

157 1803 255 1872 “sint,
269 1801 440 1881 seruntur?
490 1847 494 1850 -
565 1837 567 1840 -
870 1801 1027 1858 Cnevrun.

197 1887 243 1939 10.
283 1882 334 1938 IV.
355 1882 374 1936 1.
393 1885 421 1938 5.
469 1881 525 1940 Ubi
538 1879 656 1938 monime
667 1887 772 1938 montes
790 1879 974 1938 Crotoneuses
992 1880 1021 1937 T
1019 1901 1065 1938 ru·

155 1960 278 2020 simensis
291 1959 374 2027 subit,
389 1959 408 2015 i.
422 1977 447 2015 e.
462 1959 498 2014 ud
513 1959 652 2015 montium
666 1957 776 2014 radices
791 1958 919 2033 proxime
943 1958 1066 2018 accedit.

157 2040 199 2097 At
214 2055 314 2095 omnes
328 2037 424 2113 scripti
440 2037 469 2094 iu
490 2037 518 2094 T
515 2037 707 2094 rnsimeuum:
740 2036 855 2112 quidam
879 2035 965 2095 etiam
986 2036 1065 2096 sube-

156 2125 217 2176 unt.
258 2116 337 2182 Hinc
351 2115 513 2174 Gronovius
528 2114 662 2184 emendet
687 2113 716 2170 iu
746 2113 943 2188 'l'rusimenum
957 2115 1064 2186 sidunt,

89 2204 94 2211 “
155 2195 187 2254 id
200 2205 252 2263 est,
267 2195 296 2250 in
312 2193 469 2250 Trasimeni
484 2193 595 2250 niveum
609 2191 733 2249 molliter
746 2210 809 2248 sese
823 2187 987 2250 demittunt.
1050 2239 1053 2244 .

198 2279 243 2331 ll.
283 2273 337 2330 IV.
357 2292 446 2349 prope
459 2271 553 2329 finem.
594 2271 665 2334 Quis
680 2268 802 2336 dubitet,
817 2270 894 2346 quin,
916 2272 1003 2330 etium
1024 2273 1064 2331 in·

155 2350 221 2408 vitis
234 2351 322 2418 libris,
336 2351 491 2426 legendum
506 2350 543 2408 sit
556 2348 671 2424 collibus
685 2368 736 2425 pro
750 2347 880 2418 ouilibus,
900 2349 954 2407 nisi
977 2351 1066 2413 valles

153 2429 230 2488 inter
243 2428 480 2504 circumjacentes
494 2443 606 2486 montes
620 2426 695 2486 altae
708 2427 853 2503 tingantur
866 2438 1000 2504 respectu
1023 2430 1065 2487 lu-

155 2509 209 2567 eos
223 2520 252 2565 et
265 2507 369 2583 campi.

198 2589 244 2644 12.
284 2583 335 2642 lv.
410 2605 445 2661 pe
458 2587 553 2642 finem.
574 2585 674 2662 quue
688 2582 778 2660 uagis
787 2581 909 2661 puriter.
929 2583 1065 2643 Delendu

156 2662 300 2722 Friderico
315 2663 370 2719 G.·
405 2663 503 2738 oering
529 2662 678 2730 videbatur
700 2661 862 2736 copulativa
886 2683 947 2739 qne,
962 2682 1063 2740 perpe.

155 2759 226 2800 tam.
268 2741 528 2821 Agminnbostium
539 2741 760 2798 decucurrerunt
774 2739 835 2817 ipsu
850 2739 925 2818 iuter
947 2761 976 2799 se
997 2743 1066 2800 sutis

154 2829 401 2900 conspectumque
411 2820 635 2898 decucurrerunt
645 2817 860 2896 mugispnriter.
872 2818 946 2876 lbid.
958 2819 1065 2879 Romu·

154 2920 208 2958 mus
220 2919 257 2958 ex
271 2898 392 2958 dornone
405 2899 529 2977 undique
543 2906 604 2957 orto
618 2917 647 2954 se
661 2897 877 2954 circumuentum
897 2918 955 2956 esse
968 2900 1063 2969 sensit,

150 2979 235 3056 qnins
248 2999 331 3055 quum
345 2979 415 3036 sotis
428 2985 553 3036 cerneret
567 2975 666 3043 oculis,
688 2994 719 3032 se
733 2974 960 3034 circumventum
980 2996 1061 3035 esse:

154 3067 217 3114 erat
231 3055 315 3121 enim,
329 3056 358 3110 in
372 3067 453 3112 tanta
476 3055 607 3130 ealigine,
630 3056 721 3130 major
742 3072 813 3110 usus
834 3053 954 3122 aurium,
976 3073 1061 3130 quam

155 3131 314 3198 oculorum,
330 3144 360 3188 ut
374 3131 473 3188 Livius
486 3135 553 3208 cupi
564 3151 623 3208 seq.
935 3175 942 3196 ,

196 3215 241 3269 13.
281 3209 381 3267 Ἧ.”ἰη
396 3211 462 3268 fine.
506 3207 708 3288 Couqeeitiibri
729 3210 834 3285 scriptu,
857 3227 916 3266 non
937 3211 1063 3290 conjecti.

57 3297 76 3312 ⁶·
154 3287 200 3348 ln
214 3287 289 3345 enim
303 3287 402 3346 Livius
415 3287 523 3345 variare
537 3299 707 3344 structuram
722 3298 809 3345 urnat-

197 3371 242 3426 14.
283 3365 365 3424 Vlli.
387 3367 405 3422 1.
429 3371 474 3426 16.
495 3385 573 3442 seqq.
614 3365 794 3424 Haecnobis
808 3364 925 3424 omnino
945 3365 1061 3425 eie-dis·

154 3444 313 3522 tinguendo
325 3445 476 3502 videnture
495 3445 596 3534 Itaque
619 3445 659 3504 ud
679 3443 839 3510 remedium,
856 3447 925 3522 janu
943 3444 993 3502 din
1015 3466 1062 3504 ne·

154 3529 208 3606 que
221 3518 409 3584 tenderetum
424 3543 474 3583 inec
487 3523 652 3596 adhibitum,
667 3523 830 3584 dictatorem
844 3521 1004 3594 creandum,
1023 3525 1062 3586 ei-
