2386 3930
442 195 720 256 Lrsssrtxxv.
863 279 867 289 Κ
977 199 1034 262 227

124 357 207 432 parte
241 352 304 424 alit.
331 353 388 431 qud
414 367 574 412 commeare
611 355 750 424 assuerat,
778 351 1035 432 appropinquabat.

126 443 197 490 nota
209 451 265 491 vox
277 433 339 522 ejus
361 441 391 490 et
403 429 539 490 familiare
560 435 620 510 J‘am
641 433 752 508 signum
775 449 862 510 quum
882 431 1036 492 excitasset

125 508 249 586 vigilem,
273 509 404 578 dicentis,
432 508 480 564 vix
502 511 642 567 sustinere
668 511 783 587 grandis
808 508 918 569 bestiae
946 527 1037 578 nausa

126 588 240 668 portula
262 586 397 665 aperitur.
419 585 575 644 inferentes
597 605 696 664 aprum
721 588 793 647 duos
813 592 934 666 ju'venes
956 606 1038 646 scca·

126 679 173 726 tus
193 667 255 743 ipse
275 683 342 724 cum
363 663 498 740 expedito
520 676 663 733 venatore,-
677 665 800 740 vigilem,
820 665 963 724 incautius
987 666 1039 722 mi·

125 744 224 804 raculo
248 741 450 818 magnitudinis
471 742 500 798 in
522 749 581 810 eos,
596 741 644 819 qui
663 740 802 812 ferebant,
817 762 938 810 versum,
953 761 1039 802 vcna-

125 822 197 881 bulo
210 821 325 898 trajicit.
338 819 457 896 ingressi
469 819 584 887 deinde,
598 819 715 895 triginta
727 819 787 879 fere
807 821 907 880 armati
928 832 1039 881 ceteros

125 899 227 976 vigiles
259 899 441 966 obtruncant,
468 897 684 988 refringuntque
715 908 828 988 portam
858 897 1038 975 proximam:

127 989 158 1038 et
182 995 286 1053 agmen
300 977 354 1034 sub
369 975 455 1053 signis
475 976 625 1034 confestim
640 989 748 1052 rrruprt.
761 976 828 1034 rnde
842 994 908 1034 cum
928 975 1039 1038 silentio
1116 995 1126 1008 '

127 1056 157 1114 in
183 1053 277 1114 forum
305 1053 393 1124 ducti,
416 1053 575 1112 Hannibali
602 1071 665 1112 sese
693 1056 911 1132 conjunxerunt.
966 1055 1041 1113 Cum

129 1133 244 1193 duobus
263 1132 388 1190 millibus
402 1131 552 1191 Gallorum
573 1131 697 1202 Poenus,
712 1132 741 1189 in
755 1145 812 1191 tres
826 1131 921 1190 divisis
936 1143 1040 1210 partes,

142 1230 181 1280 ser
200 1212 300 1270 urbem
322 1209 438 1268 dimittit
459 1208 638 1278 Tarentinos,
652 1221 682 1269 et
703 1209 804 1272 itinera
818 1228 904 1287 quam
918 1210 1041 1270 maxime

128 1231 288 1366 frequentia
302 1305 443 1378 occupare
460 1289 562 1364 jubet3
582 1287 708 1346 tumultu
726 1299 799 1357 orto,
816 1285 962 1348 Romanos
976 1307 1041 1365 pas·

130 1368 183 1429 sim
207 1367 298 1436 caedi,
313 1365 461 1443 oppidanis
481 1365 568 1442 parci.
581 1366 642 1433 sed,
657 1375 689 1426 ut
708 1365 769 1426 fieri
789 1367 819 1426 id
839 1380 945 1445 posset,
960 1385 1043 1444 prae-

130 1446 156 1504 ci
178 1445 199 1504 it
216 1445 368 1523 juvenibus
382 1443 553 1510 Tarentinis,
567 1454 609 1510 ut,
624 1444 674 1500 ubi
696 1463 780 1519 quem
801 1463 917 1502 suorum
942 1445 1041 1522 procrd

131 1465 275 1594 vidissent,
289 1521 436 1598 quiescere
458 1532 488 1578 et
508 1518 590 1576 silere
609 1536 645 1576 ac
663 1519 741 1577 bono
762 1520 857 1578 animo
877 1539 941 1580 esse
958 1524 1042 1597 jube·

131 1612 206 1660 rent.
281 1625 283 1630 ·
636 1627 638 1630 ·

107 1668 110 1674 ’
171 1677 208 1736 X.
235 1677 306 1736 anr
320 1674 460 1735 tumultus
473 1684 537 1733 erat·
548 1675 721 1752 clamorque,
736 1674 827 1752 qualis
840 1693 903 1734 asse
915 1676 944 1732 in
958 1689 1044 1755 capta

132 1758 203 1816 urbe
227 1755 318 1814 solet:
348 1753 408 1822 sed,
451 1753 500 1812 uid
521 1752 562 1812 rei
583 1764 668 1822 esset,
688 1771 774 1812 nemo
798 1753 867 1811 satis
887 1773 939 1831 pro
964 1765 1043 1814 certo

133 1829 214 1895 scire.
255 1832 402 1891 Tarentini
426 1773 573 1910 Homerios
597 1832 634 1888 ad
658 1830 845 1908 diripiendam
867 1832 969 1890 urbem
983 1851 1045 1892 cre·

133 1913 202 1972 dere
225 1921 355 1970 coortos:
375 1907 514 1967 Romanis
527 1909 632 1970 seditio
651 1910 747 1988 aliqua
761 1929 828 1970 cum
840 1909 941 1969 fraude
955 1909 1044 1969 rideri

133 1992 172 2050 ab
199 1988 348 2066 oppidanis
374 1996 461 2045 mota.
509 1986 684 2056 Praefectus,
712 1988 972 2066 priano-excitatus
1000 2001 1045 2046 tu·

134 2067 237 2134 multu,
251 2066 280 2124 in
301 2076 417 2143 portum
430 2063 549 2140 effugit:
569 2064 646 2135 inde,
661 2067 937 2144 acceptumecaphft,
951 2067 981 2124 in
1001 2085 1044 2124 ar·

133 2142 441 2210 cemcircumvebitur.
482 2142 633 2200 Terrorem
654 2155 684 2204 et
698 2145 776 2202 tubat
788 2143 886 2207 abdita
906 2165 943 2204 ex
963 2144 1044 2204 thea-
1075 2147 1093 2164 ⁹

131 2241 179 2284 tro
192 2223 326 2302 faciebat.
340 2240 408 2280 narn
421 2231 451 2280 et
465 2220 598 2278 Romana
611 2231 680 2289 erat,
691 2221 919 2300 raproditoribus
932 2224 969 2280 ad
988 2223 1045 2282 hoc

133 2305 227 2382 ipsum
251 2311 437 2380 praeparata:
468 2311 507 2368 et,
521 2299 674 2359 inscienter
687 2319 705 2358 a
716 2329 718 2335 ·
728 2299 842 2360 Graeco
862 2299 970 2367 inflata,
983 2299 1047 2377 quis

135 2393 186 2439 aut
207 2380 310 2456 quibus
333 2379 446 2456 signum
466 2377 719 2446 daret-incertum
738 2377 889 2440 efficiebat.
932 2379 991 2438 Ubi
1016 2379 1048 2434 il·

135 2458 219 2526 luxit,
233 2468 263 2515 et
280 2456 418 2514 Romanis
443 2455 553 2514 Punica
565 2467 595 2514 et
609 2456 724 2515 Gallica
746 2475 826 2516 arma
849 2457 964 2533 cognita
984 2465 1045 2514 tum

136 2535 344 2596 dubitationem
368 2546 555 2602 exemerunt3
579 2545 614 2592 ct
637 2533 753 2602 Graeci,
771 2535 920 2592 Romanos
942 2533 1047 2608 passim

137 2613 227 2673 caede
250 2623 354 2672 stratos
378 2613 597 2679 cementeaab
623 2611 790 2670 Hannibale
811 2623 924 2689 captam
945 2609 1047 2670 urbam

136 2701 297 2752 senserunt.
315 2685 317 2692 '
337 2688 493 2767 Postquam
515 2688 565 2745 lux
585 2689 690 2747 certior
709 2699 779 2757 erat,
801 2699 832 2747 et
852 2687 984 2756 Romani,
1000 2691 1047 2769 qui

137 2769 275 2830 caedibus
295 2766 503 2846 superfuerant,
523 2765 553 2824 iu
573 2765 886 2843 arcem.,·confugerant,
908 2769 1048 2828 contices-

138 2851 279 2926 cebatque
291 2846 437 2926 paulatim
451 2843 591 2904 tumultus
604 2868 612 2913 ;
632 2856 694 2904 tum
708 2844 856 2905 Hannibal
878 2845 1048 2908 Tarentinos
1076 2865 1082 2878 ·

132 2927 199 2986 'sine
225 2925 309 2986 armis
327 2943 486 2985 convocare
504 2924 597 3002 jubet.
644 2923 814 2984 Convenere
836 2945 946 2996 omnes,
967 2943 1048 3002 prae-

131 3018 268 3082 terquam
282 3004 347 3080 qui,
361 3004 509 3062 cedentes
530 3002 560 3060 in
582 3020 688 3071 arcem,
704 3001 851 3063 Romanos
873 3005 913 3064 ad
932 3021 1048 3062 omnem

139 3082 301 3158 adeundam
315 3081 397 3138 simul
416 3081 561 3139 fomunam
580 3081 723 3156 prosecuti
743 3079 866 3140 fuerant.
904 3081 950 3136 Ibi
966 3081 1048 3140 Han·

133 3159 228 3226 nibal,
248 3159 378 3234 benigne
395 3157 740 3226 allocutus-*Tarentinos
764 3169 953 3236 testatusque,
975 3177 1048 3236 quae

140 3235 328 3317 praestitisset
349 3236 460 3296 civibus
472 3254 584 3305 eorum,
594 3256 665 3316 quos
684 3237 721 3296 ad
737 3236 935 3308 Trasimenum
948 3248 999 3304 aut
1012 3237 1050 3296 ad

76 3349 81 3364 ·
142 3317 258 3376 Cannas
277 3314 409 3405 cepisset,
431 3313 514 3372 simul
535 3315 570 3392 in
587 3315 812 3376 dominationem
824 3314 975 3391 superbam
992 3312 1050 3371 Ro-

135 3410 290 3454 manorum
310 3392 640 3470 mantuanensem
659 3393 688 3454 in
702 3393 803 3453 domos
823 3409 888 3450 suas
909 3401 1050 3468 quemque

138 3472 232 3550 jussit,
247 3482 277 3532 et
289 3469 397 3530 foribus
416 3487 522 3532 nomen
534 3491 618 3532 suum
636 3470 810 3572 inscribere:
831 3487 863 3528 se
876 3467 981 3533 domos
990 3486 1048 3542 ens,

146 3578 163 3588 ι,
944 3563 952 3586 b
