2406 3932
460 229 512 292 LI
524 227 625 292 BER
654 227 751 290 llel.
1014 235 1048 298 tt

146 407 213 470 gem
227 389 391 458 lilercnem,
410 398 444 446 ut
464 389 543 449 nulli
562 391 615 449 sue
634 387 750 468 proprie
768 385 906 464 regnique
927 385 973 445 aui
995 389 1050 448 da

147 471 185 528 de
211 468 313 527 moveri
339 467 432 542 magis
457 467 590 542 pauent.
643 469 755 544 ltaque,
776 483 940 558 quanquam
960 467 1050 546 probe

53 559 56 566 ’
146 548 224 616 sciat,
237 545 464 624 magnitudinem
477 543 575 620 populi
590 543 713 601 Romani
734 543 971 602 admirabiliorem
985 558 1050 622 pro·

145 643 181 702 pe
193 624 318 683 adversis
331 624 427 689 rebus,
451 637 536 698 quarn
558 621 698 688 secundis,
719 639 801 688 eese3
827 632 923 681 tamen
938 641 969 681 ee
990 641 1051 681 om·

144 702 200 771 nia,
214 701 320 780 quibus
334 717 351 756 a
363 699 447 757 bonis
460 695 649 774 lidelicusque
662 698 747 755 sociis
768 699 844 757 bella
863 701 955 778 J‘ueari
976 700 1049 762 sole·

143 792 204 848 unt,
222 778 351 835 misisses
374 795 448 854 quae
468 793 508 834 ne
529 775 661 852 accipere
681 777 815 846 abnuant,
836 795 942 856 magno
963 797 1050 858 opere

144 875 176 914 se
190 857 293 914 Patres
306 855 591 931 conscriptosorere.
631 851 697 912 ¹lam
720 855 845 912 omnium
866 857 998 928 primam,
1019 875 1051 916 o·

145 932 229 990 minis
242 935 339 1002 causa,
355 932 510 990 Victoriam
523 947 640 990 auream
653 931 751 1008 pondo
772 936 931 1000 trecentum
953 935 1053 1012 viginti

145 1011 246 1068 afferre
268 1027 339 1068 sese.
359 1011 522 1086 acciperent
545 1025 619 1080 eam,
644 1020 840 1087 tenerentque,
863 1022 892 1067 et
911 1010 1052 1072 haberent
1085 1049 1089 1054 -
1196 1021 1197 1072 3

143 1089 285 1166 propriam
314 1099 344 1147 et
376 1099 553 1178 perpetuam.
613 1087 774 1145 Advenisse
806 1087 893 1144 etiam
927 1099 1055 1152 trecente

145 1165 232 1223 millia
254 1167 383 1224 modium
404 1165 500 1234 tritici,
523 1165 648 1222 ducenta
674 1164 783 1234 hordei,
811 1183 848 1222 ne
875 1176 1052 1227 commeatus

145 1243 297 1302 deessent:
317 1255 357 1312 et,
379 1253 518 1320 quantam
533 1253 691 1378 lppasateree
710 1259 783 1319 opus
807 1253 892 1312 esset,
915 1261 973 1322 quo
992 1247 1052 1322 jus-
1084 1243 1086 1250 ⁴

146 1320 269 1388 sissent,
286 1323 481 1378 subnecturus.
571 1319 630 1378 ilite
656 1330 744 1397 atque
770 1320 875 1398 equite,
896 1323 977 1392 scire,
998 1324 1052 1382 nisi

146 1397 280 1456 Romano
303 1398 456 1476 Latinique
476 1397 607 1466 nominis,
631 1415 690 1455 nan
716 1399 759 1456 uti
782 1398 920 1475 populum
944 1399 1051 1460 Ruma-

144 1475 358 1535 camelarium
378 1487 551 1533 armatorum
572 1475 676 1533 auxilia
700 1475 787 1536 etiarn
810 1487 928 1534 externa
949 1479 1053 1540 vidisse
1066 1541 1081 1554 ,

141 1553 289 1611 incastris
303 1553 449 1609 Romanis.
490 1553 592 1630 ltaque
613 1551 723 1610 misisse
744 1552 823 1612 mille
844 1552 1052 1630 sagittariorum

145 1647 181 1687 ac
206 1628 393 1696 banditorum,
427 1639 524 1705 eptem
559 1645 675 1688 menum
702 1629 837 1688 adsersus
864 1632 990 1692 Baliares
1017 1654 1052 1696 ec

146 1707 276 1774 Mauros,
290 1723 493 1782 pugnacesque
506 1705 576 1763 alias
590 1705 688 1762 missili
712 1707 772 1766 telo
794 1719 905 1784 gentes.
946 1711 996 1768 Ad
1017 1731 1053 1772 ea

145 1785 221 1842 dena
237 1783 389 1842 consilium
408 1801 523 1860 quoque
541 1783 697 1852 addebant,
722 1795 755 1842 ut
774 1797 899 1861 praetor,
924 1788 970 1846 cui
991 1807 1054 1866 pra·

142 1860 238 1919 vincia
260 1861 355 1920 Sicilia
375 1861 525 1930 evenisset,
548 1861 667 1919 classem
687 1862 716 1918 in
737 1862 866 1920 Africam
892 1865 1054 1942 trajiceret3

145 1949 179 1995 ut
199 1949 229 1995 et
248 1938 346 1996 hostes
367 1937 396 1995 in
420 1949 495 1997 terra
516 1941 568 1998 sui
592 1937 701 1996 bellum
724 1939 874 2011 haberent,
903 1943 1054 2022 minusque

146 2015 303 2072 laxamenti
316 2015 431 2074 daretur
444 2015 478 2072 iis
491 2014 528 2071 ad
542 2015 647 2072 auxilia
667 2017 824 2076 Hannibali
847 2019 1053 2082 submittenda.

148 2093 198 2152 Ab
211 2103 313 2150 senatu
327 2093 367 2148 ita
379 2109 547 2169 responsum
560 2091 620 2167 regi
633 2103 696 2149 eat:
717 2093 817 2152 Virum
837 2097 946 2157 bonurn
970 2119 1052 2176 egre.

146 2171 282 2248 giumque
295 2170 406 2228 socium
427 2169 584 2228 Hieronem
605 2187 677 2236 csse,
699 2179 787 2246 atque
808 2189 867 2228 uno
886 2187 995 2244 tenore,
1017 2194 1053 2236 ex

147 2266 203 2325 quo
217 2247 246 2305 in
261 2248 414 2306 amicitiem
428 2246 526 2324 populi
550 2246 674 2306 Romani
696 2247 815 2317 venerit,
838 2249 925 2310 fidem
949 2254 1052 2313 coluis-

147 2344 187 2394 se,
206 2343 243 2384 ac
265 2327 325 2384 'rem
351 2325 512 2384 Romanam
532 2324 758 2403 omnitempore
779 2343 815 2388 se
838 2325 903 2385 loco
920 2331 1054 2391 munifice

147 2397 298 2479 adjuvisse.
317 2403 357 2474 id,
378 2403 496 2481 perinde
517 2419 552 2461 ac
576 2403 705 2472 deberet,
726 2415 838 2480 gratum
860 2407 968 2482 populo
993 2409 1053 2466 Ro·

147 2497 329 2538 manassae.
370 2486 491 2550 Aurum,
514 2492 585 2558 ete
607 2479 768 2539 civitatibus
792 2481 963 2558 quibusdam
987 2483 1055 2541 alle·

147 2567 218 2627 tum,
232 2557 325 2633 gratia
337 2557 378 2614 rei
392 2559 520 2636 accepta,
533 2575 592 2614 non
615 2557 761 2633 accepisse
784 2557 922 2633 populum
948 2559 1055 2620 Roma·

146 2651 227 2691 num.
274 2634 431 2691 Victoriam
453 2653 595 2710 omenque
617 2636 778 2710 acciperet
796 2633 952 2726 sedemque
973 2638 1000 2696 ei
1023 2657 1056 2700 te

146 2711 233 2770 divae
257 2709 327 2780 dare
352 2710 448 2768 dicare
474 2709 658 2787 Capitolium,
680 2710 819 2787 templum
842 2711 922 2770 ,lours
943 2714 1054 2793 Optimi

148 2787 279 2846 Maximi.
292 2788 322 2844 in
336 2805 371 2847 ea
383 2805 450 2847 arce
470 2789 548 2846 urbis
569 2786 719 2846 Romanae
739 2799 887 2860 sacratarn,
912 2794 1072 2856 volentem-

146 2867 363 2944 propitiamque,
387 2867 497 2924 firmam
519 2883 556 2924 ac
578 2865 710 2924 stabilem
731 2865 792 2925 lore
814 2869 922 2946 populo
945 2871 1053 2933 Rome·

147 2961 195 3002 uo.
233 2945 412 3013 Funditores,
440 2944 642 3023 sagittariique,
667 2955 697 3003 et
719 2944 894 3004 trumentum
917 2951 1052 3010 traditam
1139 2950 1141 2966 '

148 3022 321 3081 oonsulibus.
361 3023 588 3100 Quinqueremes
605 3021 652 3079 ¹ad
678 3024 791 3080 navium
820 3025 950 3096 classem,
978 3046 1051 3105 quae

148 3115 215 3156 cunr
235 3099 270 3154 Τ.
291 3100 416 3158 Otacilio
436 3113 619 3176 propraetore
645 3099 676 3155 in
698 3099 793 3158 Sicilia
812 3116 902 3174 erant,
928 3105 994 3181 quin
1016 3111 1052 3163 ue

148 3186 179 3233 et
191 3173 288 3249 viginti
302 3177 435 3244 additae5
475 3177 679 3254 ermissumque
692 3187 744 3248 est,
758 3189 799 3249 ut,
820 3181 844 3238 ai
866 3199 884 3239 e
906 3185 1053 3259 republica

148 3263 278 3311 censeret
293 3271 364 3323 esse,
377 3255 407 3311 in
422 3195 551 3312 alricum
564 3255 716 3332 trajiceret.

186 3328 359 3388 xxxvtu.
397 3332 553 3390 Dauacru
564 3331 701 3409 perfecto,
725 3333 857 3392 consules
870 3349 977 3408 paucos
990 3345 1052 3389 nro-

147 3408 201 3468 rati
214 3406 286 3477 dies,
301 3407 370 3466 dum
388 3408 457 3466 sccii
477 3410 514 3468 ab
534 3409 649 3468 nomine
668 3410 773 3468 Latino
797 3409 934 3466 venirent.
974 3405 1052 3466 atili-
1170 3453 1171 3468 ,

149 3499 194 3550 tet
205 3497 284 3560 tuuc,
299 3487 375 3566 quod
399 3503 545 3566 nunquam
564 3499 652 3548 autea
669 3487 779 3548 lacrum
801 3492 871 3550 erat,
893 3483 1069 3570 jurejurans
