2386 3930
443 182 608 292 Lrauu
637 221 747 282 xxrv.
983 227 1038 290 su

131 373 216 449 tium,
236 371 379 457 armaque,
394 392 424 438 et
443 380 522 438 urbis
540 380 620 450 vires,
634 377 796 458 inspiceret.
810 376 859 438 ubi
877 394 912 436 ea
924 377 986 436 visa
998 378 1040 436 in-

134 468 289 536 spectaque
308 457 378 518 satis
398 457 557 536 animorum
579 459 683 525 fecere,
698 455 839 532 simulque
861 455 898 514 ab
912 453 1042 532 explora·

135 536 244 594 toribus
266 535 415 614 comperit,
431 545 537 611 quanta
560 534 689 596 socordia
713 531 942 610 nenegligentia
964 530 1042 609 apud

134 611 231 672 hostes
251 625 345 680 essetr
373 611 486 672 silentio
500 612 592 670 noctis
612 613 649 670 ab
671 611 742 668 urbe
762 611 823 670 sine
843 609 902 668 ullo
917 609 1042 668 tumultu

133 709 274 772 egressus,
289 701 384 749 castra
402 688 528 748 hostiurn
549 688 621 747 adea
635 688 768 764 neglecta
787 701 873 767 atque
887 698 987 766 aperta
1000 685 1042 744 in·

133 771 228 837 travit,
250 777 285 826 ut
307 767 375 826 satis
402 777 548 826 constaret
569 766 646 844 prius
669 764 746 823 mille
765 765 913 827 hominum
936 764 1043 823 vallum

132 845 263 915 intrasse,
285 864 370 922 quarn
390 845 538 922 quisquam
561 843 688 911 sentiret,
709 862 753 912 ac,
768 843 791 902 si
812 843 900 904 caede
914 842 1042 902 abstiuu·
1107 895 1111 906 .

132 923 232 992 issent,
267 924 412 1000 pervenire
445 921 481 980 ad
515 921 733 980 tabernaculum
765 921 874 996 regium
908 921 1043 998 potuisse.

39 1053 45 1064 ,
135 994 247 1060 Caedes
268 1001 461 1078 proximorum
484 1010 584 1077 portae
608 998 744 1058 excitavit
767 997 874 1058 hostes.
894 997 960 1062 inde
980 994 1043 1058 tad·

133 1087 181 1138 tus
204 1089 294 1138 terror
317 1097 461 1158 pavorque
474 1096 573 1136 ornnes
596 1075 756 1154 occupavit,
771 1087 804 1135 ut
826 1095 885 1134 non
908 1073 994 1142 modo
1013 1092 1045 1132 a·

132 1155 188 1214 lius
202 1158 350 1233 quisquam
374 1171 454 1214 arma
473 1166 598 1246 caperet,
615 1168 666 1213 aut
686 1153 785 1214 castris
805 1153 912 1231 pellere
932 1149 1044 1213 hostem

133 1245 303 1302 conareture
333 1233 488 1294 sedetiam
507 1253 572 1311 rpse
592 1251 652 1302 rex,
667 1232 741 1290 sicut
760 1251 862 1292 somno
882 1231 994 1290 excitos
1014 1249 1044 1289 e·

110 1318 111 1322 ’
133 1321 188 1380 rat,
209 1329 298 1400 prope
316 1312 480 1370 seminudus
499 1311 620 1388 fugiens,
635 1310 716 1368 militi
736 1329 859 1388 quoque,
880 1309 987 1368 nedum
1000 1327 1044 1368 re-

126 1388 172 1465 gi,
191 1407 240 1452 vtx
262 1389 368 1451 decoro
390 1389 500 1460 habitu,
525 1389 562 1450 ad
584 1389 691 1448 flumen
713 1406 857 1466 navesque
878 1385 1043 1466 perfugerit.

128 1465 235 1525 eodem
250 1478 279 1526 et
302 1467 358 1526 alia
380 1469 466 1526 turba
479 1466 570 1524 effusa
582 1477 635 1526 est.
674 1465 766 1522 Paule
779 1467 874 1522 minus
889 1466 943 1523 tria
956 1465 1044 1522 millia

132 1543 255 1602 militurn
275 1544 305 1601 in
325 1545 425 1602 castris
445 1555 495 1601 aut
516 1541 781 1618 captaautoccisa.
801 1541 865 1617 plus
879 1553 976 1598 tamen
989 1541 1043 1598 ho·

133 1621 244 1678 minum
267 1619 560 1698 aliquantocaptum,
581 1635 670 1694 quam
693 1635 818 1686 caesum,
843 1626 895 1676 est.
936 1617 1044 1678 Castris

134 1697 261 1774 direptis,
286 1695 509 1774 Appolloniatae
535 1693 706 1774 catapultas,
728 1694 864 1769 ballistas,
890 1703 1044 1752 tormenta-

134 1793 191 1852 que
212 1774 277 1844 alia,
298 1793 372 1852 quae
393 1773 602 1852 oppugnandae
626 1771 690 1830 urbi
710 1783 876 1848 comparata
898 1783 987 1840 erant,
1008 1771 1045 1842 ad

134 1852 243 1910 tuenda
266 1853 387 1920 moenia,
412 1852 436 1909 si
456 1851 573 1928 quando
591 1849 692 1908 similis
714 1849 829 1908 fortuna
849 1847 980 1917 venisset,
1002 1848 1044 1910 Ar

134 1929 289 2006 polloniam
316 1929 478 1988 detexeret
513 1941 608 1988 cetera
631 1926 727 2006 omnis
754 1927 861 2006 praeda
886 1937 1045 1986 castrorum

134 2005 275 2067 Romanis
289 2025 427 2066 concessa
442 2017 495 2064 est.
529 2005 614 2064 Haec
627 2024 713 2081 quum
730 2005 848 2082 Qricum
863 2014 960 2064 essent
972 2023 1045 2060 nun-

135 2081 221 2152 ciata,
235 2083 280 2142 M.
294 2083 425 2141 Valerius
445 2083 566 2143 classem
587 2083 731 2158 extemplo
751 2085 788 2156 ad
802 2084 907 2144 ostium
921 2080 1045 2140 fluminis

132 2160 228 2296 duxip,
252 2180 289 2220 ne
304 2160 426 2222 navibus
445 2179 595 2238 capessere
607 2159 706 2236 fugam
729 2178 781 2217 rex
798 2173 903 2237 posset.
943 2159 1046 2236 Itaque

140 2238 196 2298 Phi
208 2239 300 2317 ippus,
314 2257 407 2316 neque
427 2238 553 2298 terrestri
571 2256 664 2315 neque
685 2235 779 2296 navali
802 2231 1046 2298 certaminesatis

133 2316 196 2376 fore
222 2337 321 2395 parem
345 2337 377 2376 se
397 2317 496 2388 fidens,
521 2315 671 2376 subductis
695 2327 745 2374 aut
771 2315 894 2376 incensis
916 2315 1045 2382 navibus,

135 2395 213 2454 terea
235 2395 440 2454 Macedoniam
463 2395 554 2474 petiit,
568 2413 673 2471 magna
686 2413 723 2454 ex
744 2406 825 2471 parte
846 2391 945 2452 inermi
965 2409 1046 2450 exer·

134 2470 196 2530 citu
210 2471 397 2550 spoliatoque.
437 2473 570 2532 Romana
587 2471 686 2532 classis
704 2491 771 2530 eum
791 2471 837 2530 M.
851 2469 966 2528 Valerio
982 2466 1047 2524 Ori·

135 2550 164 2608 ci
176 2549 346 2610 hibernavit.

161 2643 163 2650 ’
175 2625 257 2686 XLI.
290 2627 412 2684 'Eanum
422 2645 498 2685 anno
511 2627 541 2684 in
552 2627 693 2704 Hispania
706 2626 777 2684 uarie
788 2644 835 2682 res
848 2632 956 2700 gestae.
968 2639 1045 2693 naut,

131 2701 300 2782 priusquam
325 2704 449 2762 Romani
470 2723 583 2762 amnem
604 2705 721 2762 iberum
741 2702 902 2772 transirent,
916 2700 1047 2778 ingentes

138 2782 236 2859 copias
251 2782 445 2859 Hispanorum
461 2781 553 2858 Mago
567 2793 597 2840 et
617 2779 783 2839 Hasdrubal
796 2765 949 2846 fuderurit3
969 2779 1047 2840 defe-

46 2867 50 2872 '
137 2859 285 2938 cissetque'
294 2862 332 2920 ab
347 2860 486 2918 Romanis
500 2859 617 2918 ulterior
632 2859 780 2936 Hispania,
796 2858 824 2916 ui
839 2857 872 2916 Ρ.
887 2857 1048 2927 Cornelius,

135 2938 241 3027 raptim
261 2937 393 2998 traducto
417 2937 552 3009 exercitu,
569 2938 696 3006 Iberum,
710 2936 804 2996 dubiis
827 2937 968 2996 sociorum
988 2937 1047 2994 ani-

136 3033 191 3074 mrs
214 3015 243 3074 in
267 3027 396 3092 tenrporc
417 3017 602 3076 advenisset·
628 3015 724 3074 Primo
744 3015 781 3072 ad
802 3029 927 3075 castrum
941 3013 1047 3072 Altum

130 3091 231 3167 .(locus
250 3103 295 3150 est
317 3093 434 3170 insignis
448 3094 537 3164 caede
557 3092 654 3170 magni
675 3093 857 3170 Hamilcaris)
879 3101 973 3151 castra
988 3091 1047 3148 Ro·

138 3167 216 3226 mani
238 3169 375 3228 habuere.
415 3172 479 3228 Arx
502 3183 563 3229 erat
582 3170 703 3238 munita,
724 3183 754 3230 et
774 3180 967 3230 convexerant
979 3178 1047 3226 ante

139 3243 323 3318 frumentum.
347 3260 454 3316 tamen,
473 3248 541 3324 buia
561 3249 656 3307 omnia
676 3249 753 3308 circa
775 3248 901 3306 hostium
921 3245 1005 3323 plena
1019 3263 1048 3302 e-

138 3334 213 3392 rant,
227 3342 387 3402 agmenque
411 3326 573 3384 Romanum
596 3327 712 3404 impune
730 3326 905 3384 incursatum
918 3325 955 3380 ab
970 3319 1050 3396 equi·

137 3401 217 3460 tibus
235 3401 361 3460 hostium
380 3401 482 3473 luerat,
497 3405 577 3462 etad
601 3404 658 3462 duo
680 3404 776 3472 millia,
801 3411 851 3458 aut
874 3409 1047 3456 moratorum
1074 3449 1078 3458 .

135 3491 190 3540 aut
213 3477 370 3560 palantium
391 3499 555 3560 peragras,
579 3479 738 3552 interfecta,
762 3495 873 3538 cessere
897 3475 963 3534 inde
987 3475 1046 3536 Ro-
