2386 3930
750 133 764 160 N

157 245 217 308 202
532 235 567 302 Τ.
594 233 735 300 LIVII

156 399 239 460 facile
258 397 433 476 perpulerat,
444 407 484 466 ut,
499 407 622 474 quantae
635 395 779 455 maximae
796 409 921 474 possent,
937 397 1068 476 peditum

159 478 344 556 equitumque
364 475 463 552 copiae
488 474 518 531 in
540 474 664 532 Siciliam
690 475 896 552 trajicerentur.
937 478 1068 536 Adveni-

140 553 211 616 'ens
232 554 414 622 Heracleam,
428 553 502 610 intra
521 569 629 628 paucos
642 551 703 610 dies
723 552 790 610 inde
810 552 1002 629 Agrigentum
1022 573 1068 613 re·

159 634 246 711 cipit:
273 631 448 707 aliarumque
475 629 641 698 civitatium,
669 647 742 706 quae
767 630 855 706 partis
882 631 1069 708 Karthagini·

158 711 268 770 ensium
289 717 378 775 erant,
399 707 472 766 adeo
486 725 626 766 accensae
639 717 705 764 sunt
725 725 789 784 spes
802 707 840 766 ad
860 708 1006 786 pellendos
1022 709 1069 767 Si·

158 788 225 848 ulis
252 789 407 854 Romanos,
435 795 469 860 ut
494 797 640 862 postremo
665 784 761 854 etiam,
786 786 835 862 qui
860 786 1069 846 obsidebantur

160 864 317 943 Syracusis,
337 863 456 921 animos·
468 862 652 929 sustulerint3
671 873 709 930 et,
730 874 812 940 parte
832 865 978 940 copiarum
998 865 1069 923 satis

158 943 273 1002 timendi
293 943 392 1000 urbem
413 957 498 1017 posse
518 939 581 1010 rati,
595 939 635 998 ita
649 939 769 998 interce
783 959 901 1000 munera
922 943 989 1000 belli
1004 961 1069 1020 par·

157 1021 203 1080 titi
217 1021 281 1088 sint,
302 1030 335 1077 ut
350 1017 503 1096 ‘Epicydes
523 1029 669 1096 praeesset
688 1019 837 1077 custodiae
852 1020 939 1087 urbis,
954 1022 1069 1099 Hippo·

158 1109 260 1167 crates,
277 1096 433 1155 Himilconi
446 1099 625 1174 conjunctus,
640 1094 749 1153 bellum
769 1095 904 1154 adversus
917 1100 1070 1156 cousulens

158 1177 322 1235 Romanum
352 1184 473 1250 gereret.
526 1173 601 1232 Cum
635 1172 737 1231 decem
770 1173 894 1232 millibus
926 1177 1068 1251 peditum,

157 1255 318 1332 quingentis
337 1251 490 1328 equitibus,
510 1259 597 1308 nocte
615 1267 668 1326 per
689 1251 850 1310 intermissa
869 1254 1006 1313 custodiis
1026 1255 1070 1312 lo·

140 1341 192 1390 'ca
204 1330 358 1408 proiectus,
370 1340 465 1386 castra
477 1328 553 1386 circa
568 1327 691 1385 Acrillas
705 1329 805 1387 urbem
823 1327 959 1406 ponebat.
998 1332 1069 1389 Mu-

158 1408 302 1466 nientibus
322 1407 484 1484 supervenit
504 1403 669 1474 Marcellus,
691 1406 728 1462 ab
750 1407 911 1481 Agrigento
949 1427 995 1466 arn
1019 1428 1069 1468 oc..

157 1497 274 1562 cupato,
300 1499 390 1562 quum
414 1483 519 1541 frustra
545 1500 580 1541 eo
607 1481 771 1559 praevenire
794 1477 906 1540 hostem
928 1429 1070 1544 destinans

69 1613 73 1626 .
159 1563 337 1632 tetendisset,
361 1561 490 1630 radicum
518 1560 588 1619 nihil
612 1561 706 1618 minus
726 1570 813 1630 ratus,
828 1577 913 1637 quarn
933 1561 980 1621 illo
993 1572 1071 1620 tem·

159 1659 229 1718 pore
242 1659 276 1700 ac
296 1640 362 1699 loco
386 1639 597 1717 Syracusanum
611 1637 665 1698 sibi
689 1638 844 1702 exercitum
859 1638 971 1697 obviam
984 1639 1045 1698 iore
1061 1661 1070 1699 r

160 1718 212 1778 sed
232 1729 338 1788 tamen,
358 1731 438 1775 metu
459 1715 630 1772 Himilconis
651 1715 878 1790 Poenorumque,
901 1719 945 1792 (ut
966 1717 1070 1795 quibus

159 1813 340 1876 nequaquam
367 1794 408 1851 eis
427 1792 524 1865 copiis,
546 1807 616 1866 quas
642 1789 778 1856 habebat,
799 1809 851 1864 par
873 1797 962 1870 esset)
983 1813 1069 1872 quam

160 1885 272 1950 poterat
285 1869 408 1928 maxime
427 1867 554 1923 intentus
573 1876 660 1943 atque
680 1865 794 1942 agmine
807 1867 845 1926 ad
865 1887 967 1931 omues
986 1890 1070 1930 casus

160 1949 328 2024 composito,
343 1947 412 2002 ibat.

198 2021 337 2082 XXXVI.
378 2021 487 2078 Fonrs
508 2039 543 2079 ea
564 2039 642 2089 cura,
663 2033 736 2099 quae
757 2034 818 2081 erat
839 2024 974 2084 aduersus
995 2025 1069 2085 Poe·

159 2121 211 2159 nos
225 2109 402 2176 praeparata,
416 2097 551 2157 adversus
573 2099 684 2158 Siculos
705 2102 767 2158 usui
787 2101 850 2160 fuit.
891 2103 998 2161 Castris
1018 2123 1071 2180 po·

158 2178 260 2236 nendis
286 2176 491 2255 incompositos
511 2196 547 2236 ac
573 2178 715 2256 dispersos
733 2189 856 2237 nanctus
875 2197 934 2246 eos,
955 2191 984 2238 et
1007 2181 1072 2256 ple·

158 2273 262 2333 rosque
282 2257 415 2322 inermes,
435 2253 512 2331 quod
532 2255 659 2332 peditum
679 2255 733 2314 tuit
746 2256 949 2314 circumvenit:
1007 2275 1071 2330 ues,

159 2333 214 2392 levi
238 2334 394 2392 certamine
416 2332 496 2401 inito,
521 2351 587 2390 cum
616 2332 793 2410 Hippocrate
820 2335 912 2398 Acras
935 2351 971 2411 pe
999 2335 1072 2412 ugit.

159 2411 205 2470 Ea
226 2429 324 2489 pugna
337 2409 503 2469 deficientes
517 2411 554 2467 ab
576 2409 714 2468 Romanis
733 2429 822 2488 quum
836 2410 1010 2471 cohibuisset
1026 2413 1071 2470 Si·

162 2479 251 2558 culos,
265 2489 425 2548 Marcellus
446 2487 602 2564 Syracusas
621 2487 721 2550 rediit:
750 2499 780 2573 et
804 2499 869 2566 post
887 2507 994 2565 paucos
1007 2489 1071 2548 dies

162 2567 299 2636 Himilco,
319 2567 457 2643 adjuncto
477 2563 666 2642 Hippocrate,
681 2565 718 2623 ad
738 2567 845 2624 flumen
863 2571 1004 2644 Anapum,
1019 2585 1071 2625 oc·

161 2657 192 2701 to
206 2646 294 2704 ferme
313 2646 381 2704 inde
394 2643 490 2712 millia,
505 2653 599 2700 castra
617 2643 720 2719 posuit.
761 2643 823 2702 suu
837 2645 912 2703 idem
926 2645 985 2703 fere
998 2655 1073 2704 tem·

159 2733 259 2809 puiset
282 2733 369 2780 naves
390 2722 493 2800 longae
507 2720 632 2798 quinque
645 2733 675 2778 et
688 2719 894 2797 quinquaginta
918 2722 1072 2798 Karthagi·
1178 2789 1179 2792 Ἴ

160 2796 301 2854 niensium
321 2817 387 2855 cum
411 2799 579 2872 Bomilcare,
598 2797 696 2855 classis
715 2797 870 2872 praefecto,
885 2798 913 2852 iu
934 2816 1073 2874 magnum

160 2885 275 2952 portum
296 2874 452 2948 Syracusas
478 2893 516 2930 ex
535 2874 595 2930 alto
615 2874 777 2938 decurrere,
798 2886 828 2929 et
849 2872 981 2930 lloma'na
1000 2875 1073 2934 item

161 2948 267 3017 classis,
294 2949 412 3024 triginta
444 2949 670 3026 quinqueremes,
697 2947 839 3022 legionem
868 2948 988 3024 primam
1016 2953 1073 3012 Pa·

161 3027 252 3088 normi
276 3042 456 3102 exposuere:
485 3041 654 3100 versumque
679 3025 717 3082 ab
742 3024 826 3084 ltalia
852 3025 969 3096 bellum,
998 3029 1072 3089 adeo

161 3119 283 3182 uterque
300 3103 424 3182 populus
438 3104 467 3160 in
489 3099 613 3161 Siciliam
631 3101 767 3170 intentus,
787 3104 876 3162 fuisse
888 3103 977 3164 videri
991 3121 1073 3186 pote·

163 3194 215 3242 rat.
255 3181 412 3257 Legionem
431 3181 601 3248 Romanam,
616 3199 690 3258 quae
709 3181 840 3258 exposita
853 3183 988 3242 Panormi
1002 3199 1072 3254 erat,

164 3260 324 3320 venientem
346 3258 510 3335 Syracusas,
527 3258 655 3393 praedae
675 3259 854 3318 hauddubie
874 3261 929 3320 sibi
946 3261 1072 3321 futuram

165 3336 293 3396 Himilco
332 3349 418 3406 ratus,
452 3335 499 3394 vid
547 3335 677 3414 ecipitur.
710 3337 917 3398 mediterraneo
949 3357 1073 3417 namque

166 3415 282 3473 Poenus
304 3414 404 3474 inuare
425 3413 525 3480 duxit;
555 3414 630 3490 legio
650 3415 800 3474 maritimis
811 3417 889 3486 locis,
904 3417 994 3475 classe
1006 3435 1072 3492 pro·
1176 3451 1177 3477 r

164 3504 312 3567 sequente,
335 3491 373 3552 ad
398 3495 456 3573 Ap.
478 3491 639 3589 Claudiurn,
655 3493 823 3570 Pachynum
843 3513 910 3555 cum
929 3505 1007 3573 perte
1021 3511 1071 3552 co·
