2406 3932
87 216 91 226 “
167 203 225 264 tna
446 144 448 149 ·
518 193 553 254 Τ.
581 193 722 256 Livii

165 359 263 422 Quum
287 352 419 430 utrinque
439 350 540 422 (luces,
564 349 713 412 Romanus
741 352 885 412 Bruttium
898 354 1080 418 Lamnum

165 453 222 512 quc
242 431 330 492 toties
352 447 372 488 a
383 429 538 506 majoribus
561 429 620 488 suis
633 429 724 490 uictas
743 431 941 510 subactusque,
956 435 1078 496 Poenus

165 509 307 588 mancipia
330 507 472 576 Romana,
495 518 526 566 et
548 526 587 566 ex
608 508 759 584 ergastulo,
773 507 899 585 utilitum,
913 513 1078 574 veruuoha

165 599 289 655 tereret;
308 596 453 665 poeuemo
470 585 640 663 pronunciat
653 585 811 657 Gracchus,
826 605 890 647 este
901 589 980 660 nihil,
995 582 1075 668 quurl
1182 627 1183 638 ,

163 666 200 726 da
221 666 353 726 libertate
376 673 533 742 sperarent,
546 662 601 722 uisi
621 682 656 724 eo
669 663 718 724 die
734 664 791 724 fusi
804 664 953 746 fugatique
973 667 1076 728 hones

164 754 271 804 assent.
420 793 424 800 .

171 857 175 872 .
202 820 285 880 XVI.
326 818 516 878 Eudemum
538 837 595 880 vox
617 819 658 879 ita
680 819 791 880 animos
812 822 954 892 accendit,
976 833 1077 916 utque,

164 911 301 960 renuvata
324 897 459 967 clausum
481 896 560 962 velut
582 895 630 956 alii
649 908 769 976 repente
790 898 972 971 lectitanti
994 919 1021 959 rr
1043 907 1076 961 sa

162 978 193 1037 in
219 976 334 1036 hostem
359 974 526 1044 intulerunt,
550 985 583 1034 ut
608 974 742 1036 trutinari
767 976 843 1036 ultra
868 996 928 1039 nan
946 975 1076 1056 possent

164 1053 262 1114 Primo
284 1052 463 1130 antesignani
485 1051 657 1123 Poenorum,
679 1053 784 1114 deinde
797 1053 877 1132 sigua
896 1057 1076 1134 perime,

163 1145 310 1211 postremo
323 1142 385 1192 tota
407 1130 530 1208 impulsa
541 1130 638 1199 scien
657 1131 724 1192 iude
736 1131 816 1192 haud
828 1132 916 1194 dubie
928 1143 1012 1212 terga
1023 1134 1076 1193 du·

164 1221 203 1279 ta.
222 1219 365 1286 ruuntque
376 1207 519 1285 fugientes
532 1207 563 1268 iu
574 1221 678 1278 castra,
692 1210 765 1270 adeo
786 1210 881 1291 paridi
903 1211 1075 1290 trepidique,

164 1302 196 1347 ut
215 1307 252 1347 ue
273 1287 302 1344 irr
325 1286 415 1363 portis
429 1286 545 1363 quidem
557 1298 608 1347 aut
621 1287 696 1345 rullo
709 1288 859 1377 quicqum
872 1289 1015 1359 materia,
1029 1307 1076 1359 ac,
1184 1301 1185 1306 ’

163 1383 252 1456 prope
275 1363 435 1424 continenti
457 1363 581 1440 agmine,
604 1363 738 1434 Romanu,
761 1365 1016 1434 insecutionum
1036 1367 1077 1428 de

46 1491 55 1506 ,
162 1454 275 1520 rutegra
295 1441 437 1520 proelium
457 1441 560 1502 inclusi
582 1439 708 1502 hostium
729 1437 804 1500 vallo
827 1433 978 1502 ediderint.
1018 1443 1077 1514 lbi,

162 1533 238 1657 ht}
257 1520 1078 1688 turstatthhhhthtttn,aar

163 1693 205 1746 ro,
220 1676 394 1754 conglobati,
404 1687 440 1764 'et
460 1677 498 1736 ab
512 1686 593 1763 terga
607 1676 773 1734 ceciderunt
795 1675 919 1762 tfueuos,
933 1687 964 1734 et
976 1677 1075 1753 fugam

163 1754 365 1833 impedierunt.
417 1755 521 1827 ltaque
545 1749 725 1808 urrunsduo
750 1749 838 1809 milha
859 1750 1010 1812 hominurn
1037 1773 1080 1812 ex

164 1843 245 1893 tauto
266 1832 403 1895 exerdtu,
417 1838 447 1884 et
469 1843 505 1884 ea
518 1827 608 1900 maior
626 1841 693 1902 pars
705 1824 844 1902 equitum,
857 1845 925 1888 cum
944 1829 1007 1907 ipsu
1021 1829 1078 1890 du,-

163 1927 197 1968 ce
220 1906 400 1981 effugerunt:
427 1902 475 1960 alii
488 1919 589 1960 omnes
602 1902 679 1962 caesi
692 1914 743 1964 aut
756 1905 842 1983 capti.
871 1916 958 1984 canta
975 1916 1006 1966 et
1019 1907 1077 1986 sig·

162 2003 202 2043 ua
224 1978 536 2059 duodequadraginta,
557 1977 605 2038 Ex
625 1980 781 2042 victoribus
801 1983 861 2042 duo
884 1984 973 2044 millia
985 1984 1077 2046 ferme

163 2060 304 2122 cecidere:
331 2057 567 2137 praeduomnis,
590 2069 773 2138 pratcrquam
799 2058 949 2123 homiuum
976 2078 1076 2142 capta-
1186 2079 1187 2088 ¹

161 2155 234 2206 rum,
248 2135 331 2195 militi
353 2155 492 2200 concessa
514 2156 532 2196 e
590 2149 622 2196 et
642 2157 731 2216 pecus
751 2136 906 2218 exceptum
929 2142 1077 2218 estquod

161 2215 236 2274 intra
259 2215 321 2276 dies
344 2215 461 2293 triginta
473 2147 580 2284 dumi&
600 2217 809 2292 cognovissent.
849 2219 946 2280 Quum
965 2219 1077 2294 praeda

162 2293 258 2354 onusti
280 2293 310 2352 in
323 2303 419 2352 castra
431 2293 585 2362 aunensi
595 2305 716 2370 quatuor
729 2292 817 2352 millia
829 2292 919 2352 ferme
938 2292 1077 2356 volonum

161 2371 294 2440 militum,
308 2371 358 2448 qui
380 2380 577 2449 pugnaverant
600 2370 725 2446 segnius,
738 2389 794 2429 nec
816 2370 846 2428 iu
859 2382 954 2430 caure
966 2371 1077 2451 irrupe-

162 2461 227 2512 rant
240 2449 334 2519 simul,
347 2459 428 2508 metu
450 2466 560 2527 poenae
573 2448 677 2509 collem
697 2448 778 2508 haud
800 2449 899 2530 procul
913 2450 1013 2510 castus
1026 2469 1077 2510 ce-

162 2542 276 2608 perunt.
295 2538 409 2608 postero
423 2527 470 2588 die
493 2545 544 2606 per
567 2527 697 2587 tribunos
720 2526 844 2592 militurn
865 2525 933 2586 iude
945 2525 1075 2600 deducti,

162 2608 303 2668 concione
329 2605 451 2666 militum
478 2605 619 2666 advocata
643 2624 662 2666 a
689 2605 834 2676 Graccho,
862 2605 1075 2684 superveniunt.

164 2685 234 2752 Ubi,
249 2705 338 2760 quum
358 2685 511 2763 proconsul
526 2695 636 2746 veteres
656 2684 761 2744 milites
780 2684 913 2763 primum,
927 2695 1011 2761 prout
1024 2703 1077 2744 cu·

160 2765 265 2838 jusque
279 2762 368 2821 virtus
391 2774 478 2840 atque
502 2781 589 2840 opera
601 2763 631 2820 iu
655 2780 690 2821 ea
712 2780 810 2840 pugna
831 2757 934 2829 irruat,
948 2760 1077 2820 militari·

164 2841 218 2898 bus
242 2837 325 2894 donis
347 2839 499 2904 donassem
528 2852 607 2906 tuuc,
630 2838 709 2914 quod
728 2839 766 2894 ad
788 2837 905 2897 volones
928 2836 1076 2910 attineret,

129 2923 132 2937 '
163 2933 272 2987 omues,
300 2913 350 2984 ait,
374 2914 460 2970 malle
482 2914 656 3003 laudatque
682 2931 722 2982 se,
747 2912 849 2990 dignas
874 2912 1075 2995 indiguusque,

162 3008 437 3147 thhhhhllth
449 2989 1075 3147 trttrhttthhtutthbth

160 3151 267 3210 liberas
281 3167 345 3208 esse
365 3149 477 3226 jubere.
517 3147 568 3206 Ad
586 3165 673 3224 quarn
686 3164 788 3206 vocem
801 3167 901 3224 quurru
910 3149 1019 3208 clamor
1031 3151 1075 3210 iu·

162 3227 242 3307 genti
264 3227 411 3286 alacritate
434 3225 564 3286 sublatus
587 3237 673 3295 esset,
688 3243 731 3295 ac,
746 3245 824 3284 nuuc
844 3243 908 3286 coru
929 3227 987 3286 lexi
1000 3229 1075 3288 iuter

164 3327 195 3366 se
208 3306 451 3384 gratulantesque,
464 3325 542 3364 nuuc
563 3322 664 3364 manus
678 3304 716 3364 ad
733 3304 848 3366 coelam
865 3247 1008 3378 totiinter,
1022 3307 1076 3364 ho·

164 3403 203 3442 na
216 3385 312 3456 omnia
325 3385 431 3465 populo
446 3384 579 3444 Romano
594 3383 786 3462 Gracchoque
805 3383 859 3462 ipsi
872 3396 1076 3462 precarentur,

165 3469 228 3536 tutu
246 3465 407 3540 Gracchus,
432 3473 451 3505 “
471 3461 641 3544 Priusquam
660 3481 761 3528 omues
780 3465 845 3544 jure
866 3460 1002 3526 libertatis
1022 3477 1074 3522 ae·
