2406 3932
437 189 609 252 Ltsatt·
625 187 739 250 XXIII.
983 191 1038 258 14'5

25 385 32 396 ·
128 344 417 424 Karthaginiensium
439 349 639 430 oppugnandis
669 345 771 408 morari
796 345 834 404 ab
854 345 956 408 itinere
973 339 1037 426 prt-

134 426 228 504 posito
242 426 362 494 hostem,
383 427 517 485 urhema
539 429 699 506 propinquo
717 423 836 482 flumine
857 423 972 486 lberam
991 435 1040 504 αρ’-

134 503 278 582 pellatam,
299 504 543 581 opulentissimam
568 507 603 564 es
633 513 806 580 tempestate
825 501 948 578 regionis
967 507 1043 582 ejus,

130 589 299 659 oppugnare¹
319 595 430 658 perant.
464 581 541 659 quod
559 583 610 639 ubi
625 581 713 640 sensit
728 579 905 650 Hasdrubal,
919 598 971 659 pro
984 602 1040 660 ope

127 659 250 719 ferendi
263 660 356 727 sociis,
377 660 470 738 pergit
484 659 547 738 ipse
559 659 600 716 ire
620 659 657 716 ad
672 659 781 726 urbem,
802 659 928 718 deditam
948 679 1040 738 nuper
1107 723 1111 734 Δ

129 735 160 794 in
173 739 260 796 fidem
276 735 728 816 Roiiraiidibhi3⁵iilltidgbahdflth.
748 739 1040 816 sita-jameoept'aob·

131 814 203 872 sidio
218 815 323 872 omissa
336 815 374 872 ab
396 815 535 874 Romanis
555 827 608 884 est,
630 825 659 876 et
673 813 701 871 in
716 814 809 892 ipsum
825 815 1038 878 Hasdrubalem

129 905 245 950 vertum
258 893 376 952 bellum.

170 969 284 1027 XXIX.
314 972 467 1037 Qurnuus
490 971 609 1030 millium
623 969 772 1028 intervallo
793 978 886 1027 castra
905 971 1040 1044 distantia

129 1047 259 1107 habuere
272 1065 380 1140 paucos
393 1049 473 1117 dies3
493 1069 547 1108 nec
561 1049 623 1108 sine
636 1049 746 1108 levibus
760 1046 882 1124 proeliis,
897 1067 952 1106 nee
966 1061 997 1108 ut
1010 1051 1040 1110 in

129 1125 221 1190 aciem
235 1139 355 1188 exirent.
375 1127 493 1186 tandem
503 1134 561 1195 uno
575 1128 735 1204 eodemque
747 1127 804 1194 die,
818 1125 898 1184 velut
910 1144 949 1184 ex
961 1145 1039 1186 com-

128 1204 233 1280 posito,
254 1207 387 1284 utrinque
408 1205 520 1282 signum
540 1222 653 1282 pugnae
674 1204 852 1282 propositum
867 1215 930 1273 est;
950 1216 1039 1283 atque

127 1280 265 1342 omnibus
276 1285 365 1360 copiis
388 1283 416 1339 in
430 1301 574 1361 ‘campum
589 1283 774 1342 descensum:
820 1281 939 1358 Triplex
959 1285 1038 1343 stetit

128 1357 267 1419 Romana
284 1362 370 1430 acies.
389 1359 515 1431 velitum,
537 1378 602 1440 pars
616 1361 691 1420 inter
711 1359 914 1436 antesignanos
932 1361 1036 1432 locata,

127 1452 194 1512 pars
207 1439 273 1515 post
286 1439 367 1516 sigua
380 1449 517 1516 accepta;
535 1437 650 1515 equites
669 1456 777 1496 cornua
796 1437 922 1496 cinxere.
961 1439 1038 1498 Has·

126 1513 229 1573 drubal
241 1516 365 1576 mediam
380 1517 471 1574 aciem
486 1515 624 1591 Hispanis
636 1515 730 1572 firmat
742 1535 750 1571 r
771 1514 799 1572 in
813 1515 957 1588 cornibus,
969 1517 1038 1576 dex·
1112 1578 1117 1586 x

128 1601 172 1650 tro
187 1591 301 1651 Poenos
320 1593 408 1661 locat,
428 1591 613 1650 laevoAfros
633 1592 931 1668 mercenariorumque
958 1597 1039 1653 auxi·

126 1669 183 1727 lia:
204 1670 343 1747 equitum,
363 1669 505 1736 Numidas
519 1669 683 1728 Poenorum
697 1669 850 1748 peditibus,
868 1682 982 1730 ceteros
996 1677 1038 1730 A·

126 1746 184 1817 fris,
206 1767 259 1825 pro
271 1747 406 1808 cornibus
419 1747 547 1824 apponit.
581 1765 636 1805 nec
650 1765 750 1806 omnes
766 1746 911 1806 Numidae
919 1748 953 1808 ,in
968 1750 1037 1808 dex·

125 1837 171 1884 tro
185 1826 270 1884 locati
285 1841 385 1896 coma,
405 1825 456 1884 sed
477 1826 589 1902 quibus,
610 1824 788 1883 desultorum
802 1825 831 1882 in
845 1827 973 1898 modum,
994 1828 1036 1885 bi·

125 1921 179 1960 nos
199 1903 379 1962 trahentibus
399 1921 497 1979 equos,
517 1903 592 1961 inter
613 1903 780 1962 acerrimam
802 1921 889 1980 saepe
909 1922 1035 1984 pugnam

125 1981 155 2038 lu
168 1991 314 2038 recentem
329 1999 434 2056 equum
449 1999 486 2038 ex
507 1979 590 2038 fesso·
604 1981 718 2038 armatis
738 1981 910 2041 transultare
923 2003 986 2042 mos
1006 2003 1035 2044 e·

124 2067 188 2116 rat:
220 2067 300 2116 tauta
320 2059 457 2115 velocitas
476 2057 554 2134 ipsis,
576 2068 692 2133 tamque
711 2057 806 2126 docile
826 2078 965 2137 equorum
984 2081 1036 2138 gea

124 2155 180 2194 nus
194 2150 247 2197 est.
287 2137 385 2201 Quum
408 2134 465 2196 hoc
485 2134 571 2192 modo
591 2134 720 2192 instructi
743 2147 859 2205 starent,
880 2138 1034 2216 imperato·

124 2233 188 2272 rum
212 2210 359 2292 utriusque
382 2213 469 2292 partis
490 2212 567 2270 haud
587 2213 677 2270 ferme
696 2211 826 2290 dispares
846 2231 912 2290 spes
932 2229 1013 2276 erant
1025 2239 1040 2275 ι’

124 2311 190 2350 nam
205 2311 242 2350 ne
266 2293 388 2350 multum
412 2290 537 2370 quidem,
557 2301 608 2362 aut
622 2308 751 2360 numero,
773 2301 823 2348 aut
835 2301 942 2368 genere
961 2294 1033 2352 mili·

109 2380 196 2440 tum,
215 2369 246 2426 hi
266 2371 368 2434 ausilii
382 2370 575 2448 praestabant.
616 2367 760 2427 Militibus
780 2368 866 2446 longe
885 2369 983 2448 dispar
1002 2391 1032 2430 a·

116 2445 217 2505 ‘nimus
231 2459 302 2506 crat.
343 2447 481 2504 Romanis
494 2447 579 2516 enirn,
601 2465 764 2524 quanquam
785 2445 886 2523 procul
909 2467 927 2504 a
940 2447 1032 2524 patria

121 2534 292 2604 pugnarent,
322 2523 406 2581 facile
426 2538 625 2600 persuaserant
645 2525 743 2591 duces,
765 2542 816 2602 pro
837 2523 922 2580 Italia
946 2536 1032 2601 atque
1099 2568 1103 2572 -

121 2604 194 2660 urbe
211 2601 349 2668 ,Romani
364 2619 418 2658 eos
432 2619 568 2676 pugnare.
588 2601 694 2677 itaque,
715 2600 794 2658 velut
807 2600 911 2676 quibus
924 2601 1032 2660 reditus

121 2678 288 2758 ispaniam
315 2677 526 2736 eodiscrimine
543 2695 660 2754 pugnae
681 2687 849 2745 verteretur,
869 2677 1029 2754 obstinave-

120 2770 187 2816 rant
200 2755 302 2822 animis
315 2757 429 2814 vincere
448 2765 499 2813 aut
522 2755 603 2832 mori.
652 2753 753 2812 Minus
775 2753 936 2832 pertinaces
954 2757 1028 2818 viros

120 2836 248 2895 habebat
260 2834 452 2898 alterascies.
471 2851 538 2900 nam
559 2831 684 2894 maxima
697 2851 762 2910 pars
783 2831 906 2910 Hispani
927 2848 1027 2896 erant:

120 2913 256 2992 quiriaci
275 2913 305 2970 in
324 2912 480 2992 Hispania,
501 2929 588 2990 quam
609 2910 733 2970 victores
753 2911 783 2968 in
806 2911 920 2972 Italiam
941 2917 1026 2984 trahi,

120 2991 275 3050 malebant.
315 2991 411 3048 Primo
425 2991 512 3067 igitur
531 3009 682 3058 concursu,
703 3009 790 3068 quum
811 2990 858 3047 vix
877 2991 935 3069 pila
958 3011 1027 3051 con-

115 3071 195 3147 jecta
208 3080 312 3138 essent,
333 3069 430 3128 retulit
444 3069 546 3144 pedem
569 3068 666 3126 media
679 3069 763 3138 acies,
784 3068 1028 3148 inferentibusque

118 3163 183 3209 sese
198 3163 300 3222 magno
320 3147 430 3224 impetu
455 3145 592 3204 Romanis
612 3159 692 3222 terga
712 3147 805 3206 vertit.
845 3146 944 3206 Nihilo
963 3155 1027 3223 seg-

118 3224 183 3282 nius
196 3221 225 3279 in
239 3223 373 3284 cornibus
393 3223 532 3301 proelium
544 3224 616 3282 fuit:
646 3223 714 3282 hinc
728 3223 852 3292 Poenus,
871 3224 941 3284 hinc
955 3225 1026 3282 Afer

118 3313 223 3380 urget:
255 3314 284 3359 et
307 3303 385 3360 velut
405 3303 437 3359 in'
458 3301 674 3370 circumventos¹
687 3302 795 3379 proelio
815 3301 935 3378 ancipiti
954 3319 1025 3376 pug·
1050 3361 1052 3374 .

117 3393 198 3440 nant.
239 3379 307 3449 Sed,
327 3395 416 3456 quum
429 3379 458 3437 in
472 3378 597 3438 medium
608 3386 673 3450 tota
689 3384 755 3457 jam·
773 3379 879 3438 coisset
892 3377 1025 3436 ltomaua

117 3459 204 3529 acies,
224 3457 293 3517 satis
304 3455 407 3516 ¹uirium
427 3455 464 3516 ad
478 3457 649 3592 dimoppnda
668 3457 793 3516 hostium
806 3469 915 3512 cornua
931 3451 1022 3516 habu-
