2534 4010
201 173 220 232 8
549 167 583 227 T.
612 165 762 227 LIVII.

195 326 331 406 hautque
359 307 557 402 piraterium
577 333 675 382 autern
695 335 754 384 tres
773 323 891 401 longum
911 324 1039 388 habebat
1057 348 1108 408 pe·

202 403 263 475 des,
285 415 317 460 nt
336 419 402 460 curn
423 401 508 459 armis
528 402 694 478 transfigere
721 419 825 481 corpus
851 413 956 479 posset.
999 407 1059 466 Sed
1077 408 1108 468 iu

202 481 334 548 maxime,
355 479 466 539 etiamsi
489 479 630 538 haesisset
649 480 679 538 in
698 491 791 550 scuto,
812 498 866 538 nec
885 484 1064 557 penetrasset
1078 487 1108 544 in

193 577 315 636 corpus,
333 575 467 634 pavorem
483 557 618 628 faqiebat,
640 559 726 637 quod,
748 577 835 638 quurn
855 559 982 617 medium
1002 579 1108 620 accen·

200 655 264 694 sum
284 637 452 706 mitteretur,
474 649 704 718 conceptumque
723 640 785 716 ipso
805 649 885 696 motu
906 638 996 697 multo
1016 643 1108 716 majo·
1128 669 1131 672 ·

199 733 260 773 rem
281 714 377 790 ignem
397 713 493 783 ferret,
507 730 587 774 arma
610 717 704 776 omitti
728 717 859 791 cogebat,
874 717 1040 795 nudumque
1052 720 1106 776 rni-
1198 748 1202 756 ·

199 792 278 850 litem
293 792 330 850 ad
344 792 529 870 insequentes
543 795 618 854 ictus
631 794 796 872 praebebat.
885 818 890 832 ι

236 869 291 928 ΙΧ.
332 871 431 936 Quum
452 871 502 930 diu
521 891 627 949 anceps
646 871 748 928 fuisset
767 883 922 942 certamen,
943 886 973 932 et
994 873 1104 950 Sagun·

163 947 273 1017 ,stinis,
294 948 362 1027 quia
389 961 502 1028 praeter
530 967 611 1038 spem
630 946 803 1016 resisterent,
824 951 980 1008 crevissent
999 951 1104 1017 animir
1156 954 1161 962 '
1217 1007 1218 1014 ,

152 1037 166 1108 ,p
198 1026 323 1098 Poenus,
344 1027 412 1107 quia
438 1048 495 1086 non
523 1026 645 1093 vicisset,
665 1041 717 1102 pro
737 1024 812 1082 victo
833 1037 925 1084 esset:
947 1026 1103 1085 clamorem
1168 1085 1173 1092 ,

152 1097 161 1144 ‘l
177 1107 317 1184 erepenta'
330 1104 464 1182 oppidani
478 1101 593 1171 tollunt,
607 1101 720 1160 hostem
741 1121 777 1162 ue
793 1102 823 1160 in
843 1104 939 1161 ruinas
959 1102 1031 1160 muri
1052 1122 1102 1160 ex·

137 1218 149 1235 ,
186 1179 327 1258 ‘pellunt3
357 1180 424 1238 inde
452 1179 620 1256 impeditum
649 1121 897 1257 trepidantemque
924 1181 1102 1248 exturbant;

187 1270 339 1334 postremo
351 1256 447 1314 fusum
461 1256 650 1334 fugatumque
663 1257 692 1315 in
711 1270 806 1316 castra
825 1258 969 1335 redigunt.
1007 1259 1101 1318 Inter·

192 1339 231 1394 im
254 1337 291 1393 ab
317 1335 411 1392 Roma
424 1333 534 1424 legatos
547 1337 657 1394 venisse
677 1337 843 1394 nunciatum
858 1351 911 1395 est.
925 1338 1034 1416 quibus,
1049 1339 1101 1397 ob.-

192 1413 266 1471 viam
281 1413 319 1470 ad
332 1430 410 1470 mare
423 1413 501 1470 missi
518 1413 556 1470 ab
571 1412 745 1482 Hannibale,
760 1414 808 1490 qui
821 1414 958 1481 dicerent,
980 1433 1035 1474 neo
1055 1427 1100 1474 tu·

191 1505 223 1551 to
237 1511 287 1550 eos
301 1491 428 1551 adituros
441 1491 516 1550 inter
528 1501 573 1550 tot
586 1501 646 1550 tam
659 1490 840 1551 efferatarum
853 1493 982 1570 gentium
1002 1511 1099 1561 armar

184 1590 246 1630 nec
267 1569 434 1640 Hannibali,
454 1569 485 1629 in
504 1579 586 1629 tanto
605 1570 891 1641 discrimine'rerum,
911 1590 1016 1650 operae
1036 1590 1099 1633 esee

191 1648 350 1728 legationes
374 1649 485 1710 audire.
525 1649 704 1739 Apparebat,
724 1669 781 1707 non
802 1651 950 1718 admissos,
971 1650 1099 1726 protinus

53 1799 57 1804 ,
191 1727 400 1808 Karthaginem
424 1729 522 1787 ituros.
542 1727 638 1784 literas
660 1726 747 1800 igitur
768 1726 945 1802 nunciusque
965 1728 1002 1784 arl
1022 1729 1098 1802 prin-

113 1869 115 1874 ,
190 1808 269 1886 cipes
290 1806 421 1865 factionis
435 1803 575 1861 Barcinae
586 1801 753 1877 praemittit,
774 1811 807 1860 nt
826 1817 1031 1880 praepararent
1050 1823 1098 1864 su·

189 1903 269 1942 crum
291 1883 409 1951 animos,
424 1899 462 1939 ne
481 1877 550 1958 qnid
569 1896 635 1956 pars
655 1878 745 1938 altera
757 1880 909 1957 gratificari
923 1901 974 1960 pro
988 1880 1096 1940 Roma-

188 1960 232 2018 nis
285 1969 352 2018 sset.
495 1979 502 1984 ·
669 2001 673 2006 -
808 1983 811 1990 ⁴

257 2078 265 2095 .
305 2037 440 2108 tracus,
468 2047 669 2116 praeterquam
698 2040 775 2118 quod
804 2038 920 2099 admissi
949 2039 1095 2118 auditique

188 2127 264 2185 sunt,
278 2133 315 2174 ea
328 2133 441 2195 qnoque
460 2135 534 2176 vana
553 2116 738 2194 atqueirrits
757 2118 863 2193 legatio
882 2119 945 2174 fuit.
985 2120 1094 2175 Hanno

187 2213 261 2252 unus
284 2194 405 2254 adverso
431 2205 534 2254 senatu
560 2212 677 2252 causmn
700 2193 832 2263 foederis,
853 2212 958 2270 magno
979 2192 1092 2252 silentio
1192 2255 1200 2275 ,

182 2284 304 2351 propter
323 2272 524 2332 auctoritatem
545 2288 636 2341 suam,
653 2290 716 2329 non
736 2289 884 2330 assensum
904 2269 1091 2341 audientium,

180 2350 261 2428 egit:
303 2351 359 2410 Per
383 2351 463 2420 deos,
483 2349 632 2408 foederum
652 2349 773 2408 arbitros
793 2367 828 2407 ac
848 2359 945 2419 testes,
967 2350 1092 2408 monuis-

185 2448 226 2500 se,
240 2429 415 2509 praedixisse
434 2448 474 2499 se,
491 2447 528 2487 nc
550 2427 722 2487 Hamilcaris
742 2426 907 2505 progeniem
927 2427 963 2485 ad
983 2427 1091 2486 exerci-

182 2521 248 2570 tum
268 2509 424 2569 mitterent.
444 2527 502 2566 non
522 2525 629 2575 manes,
643 2525 702 2564 non
723 2505 842 2583 stirpem
860 2509 921 2585 ejus
942 2505 1090 2582 conquies-

181 2607 252 2646 cere
281 2589 354 2648 riri:
387 2607 442 2649 nec
471 2603 607 2666 unquam,
628 2585 722 2644 donec
745 2585 890 2662 sanguinis
910 2583 1090 2662 nominisque

185 2663 300 2721 Bnrcini
319 2666 467 2743 quisquam
490 2666 622 2746 supersit,
644 2666 775 2746 quietura
802 2664 935 2723 llomana
964 2662 1090 2722 foedera·

185 2750 204 2782 ‘⁶
217 2741 360 2800 Juvenem
372 2743 541 2818 flagrantem
556 2764 592 2802 cu
613 2743 690 2801 idine
702 2743 791 2816 regni,
806 2741 937 2814 viamque
952 2756 1037 2794 unam
1051 2739 1089 2796 all

185 2827 204 2858 “
216 2817 246 2874 id
259 2827 434 2887 cernentem,
445 2818 478 2886 ai,
493 2837 530 2876 ex
543 2765 625 2874 bellis
638 2815 715 2872 bella
728 2812 858 2882 serendo,
872 2813 1036 2872 succinctus
1044 2832 1088 2880 ar.-

178 2905 203 2950 ,1⁶
216 2894 269 2952 mis
282 2893 499 2970 legionibusque
512 2891 597 2959 vivat,
611 2891 690 2952 velut
703 2889 851 2947 materiam
871 2890 929 2968 igni
948 2891 1088 2968 praeben·

183 2983 202 3012 “
216 2986 269 3042 tea,
282 2971 321 3030 ad
339 2971 482 3029 exercitus
495 2969 620 3028 misistis.
629 2967 742 3027 aluistis
755 2985 823 3044 ergo
844 2967 900 3027 hoc
913 2969 1086 3042 incendium,

179 3061 202 3094 '⁴‘
216 3069 272 3128 quo
286 3067 363 3108 nunc
376 3047 491 3107 ardetis.
512 3045 673 3124 Saguntum
691 3046 775 3106 vestri
789 3046 992 3106 circumsident
1006 3067 1087 3110 exer·

181 3139 201 3170 ⁴⁴
214 3126 298 3196 dtus,
311 3125 389 3186 unde
408 3137 542 3186 arcentur
560 3124 695 3186 foedere:
715 3144 784 3184 mox
803 3125 1012 3203 Karthaginem
1033 3128 1088 3188 cir·

178 3217 200 3254 ³⁶
213 3204 416 3264 cumsidebnnt
435 3204 584 3264 Romanae
604 3204 740 3282 legiones,
761 3203 883 3264 ducibus
902 3205 1004 3266 iisdem
1023 3205 1085 3276 diis,

177 3287 200 3344 ’,“
234 3301 266 3344 er
278 3301 350 3362 quos
362 3283 456 3363 priore
468 3283 546 3344 bello
559 3295 643 3362 rupta
655 3282 771 3342 foedera
789 3293 858 3344 sunt
877 3283 939 3344 ulti,
979 3284 1084 3348 Utrum
1169 3339 1175 3350 ,

179 3373 201 3423 ὅ*
214 3305 336 3433 iontem,
350 3381 387 3421 an
401 3381 460 3434 vos,
475 3381 511 3422 an
522 3362 666 3424 fortunam
686 3363 833 3440 utriusque
852 3363 959 3440 populi,
973 3362 1082 3497 ignora·

178 3453 200 3496 t‘
214 3440 275 3506 tia?
294 3441 431 3522 Legatos,
445 3443 482 3504 ab
503 3442 587 3506 sociis
606 3454 637 3504 et
657 3460 708 3521 pro
722 3441 806 3502 sotis
819 3440 975 3522 ¹venientes,
1010 3455 1083 3498 onus
