2406 3932
160 233 216 293 1¹48
476 223 718 296 :3T.L1v11

186 382 313 452 ,antonin
330 377 453 440 Siciliam
468 379 629 457 trajiceret}
649 397 781 458 quaeque
799 379 828 438 in
849 380 949 450 Sicilia·
969 393 1067 444 essent

156 403 282 520 liemare
296 458 522 536 deportarentur.
558 457 613 522 ,Au
627 459 854 526 exercitum,cui
874 461 911 520 ad
932 461 1067 520 conveni*-

156 539 264 602 endum
286 537 371 600 Cales
391 534 486 594 edicta
505 535 568 593 dies
591 549 662 606 erat,
686 535 734 594 Μ.
751 535 887 614 Claudius
907 537 1068 598 Marcellus

157 619 279 676 missus:
299 616 379 692 isque
396 615 493 691 jussus
507 613 535 670 in
556 625 651 688 castra
671 613 829 674 Claudiana
848 614 992 674 deducere
1018 637 1066 676 ur·

156 698 249 755 banas
270 693 408 770 legiones.
448 690 498 748 Ad
522 701 648 750 veterem
671 692 829 751 exercitum
855 693 1067 770 accipiendum,

154 771 413 846 deducendumque
427 768 494 826 inde
507 768 536 824 ἰιι
552 769 687 837 Siciliam,
709 767 744 826 T.
766 769 896 830 Metilius
908 773 1005 832 ·Crotc
1023 772 1066 830 le.
1086 840 1091 845 ι

155 863 241 929 gatus
254 851 291 908 ab
308 853 366 924 Ap.
380 845 502 906 Claudio
516 857 561 904 est
574 849 684 906 missus.
725 847 821 908 Taciti
835 853 927 926 primo
945 869 1066 926 exspec-

155 939 286 990 taverant
306 924 447 994 homiues,
469 923 511 981 uti
533 925 634 982 consul
654 924 771 984 comitia
791 927 921 1004 collegae
940 929 1067 987 creando

154 1007 284 1066 haberet.
304 1002 409 1064 deinde
429 1001 478 1060 ubi
497 1001 672 1078 ablegatum,
693 1003 771 1062 velut
794 1004 832 1062 de
850 1005 997 1073 industria,
1019 1006 1066 1066 Μ.

155 1083 328 1144 Marcellum
351 1079 491 1148 viderunt,
513 1098 598 1156 quem
623 1080 747 1140 maxime
770 1082 917 1141 consulem
940 1083 969 1139 in
985 1101 1065 1142 ›eum

155 1179 262 1220 annum
275 1162 314 1218 ob
327 1158 441 1235 egregie
454 1156 482 1214 in
497 1168 630 1235 praetura
644 1177 691 1218 res
702 1171 799 1236 gestas
813 1160 901 1218 creari
920 1161 1068 1232 volebant,

152 1240 282 1300 fremitus
303 1238 332 1294 in
355 1235 434 1294 curia
455 1247 500 1292 est
524 1245 613 1294 ortus
653 1238 740 1302 Quod
765 1237 813 1296 ubi
838 1238 926 1298 sensit
952 1238 1065 1310 consul,

155 1327 173 1358 ¹‘
189 1311 378 1391 Utrumque,”
404 1311 504 1389 inquit,
535 1322 589 1370 “e
613 1315 761 1390 republica
784 1314 847 1386 fuit,
864 1315 974 1382 ‚Patres
994 1336 1066 1374 con·

156 1405 174 1433 ‘⁴
187 1393 293 1470 scripti,
308 1401 338 1450 et
353 1389 397 1450 M.
412 1387 565 1450 Claudium
586 1391 623 1448 ad
644 1392 847 1468 permutandos
871 1395 1017 1453 exercitus·
1033 1395 1066 1454 in

130 1529 133 1536 ,
152 1481 174 1510 “
189 1468 378 1548 Campaniam
391 1467 541 1546 proficisci,
551 1479 580 1526 et
593 1468 709 1528 comitia
722 1487 779 1529 uon
790 1469 867 1545 prius
881 1471 968 1540 edici,
976 1489 1069 1548 quam·

155 1560 174 1588 “
187 1549 212 1608 is
225 1548 303 1618 inde,
316 1546 458 1616 confecto,
473 1545 550 1624 quod
564 1547 731 1606 mandatura
746 1557 800 1616 est,
821 1547 945 1624 negotio,
969 1565 1066 1612 reuer-

156 1636 174 1668 “
189 1627 287 1695 tisset;
306 1639 339 1686 ut
352 1645 403 1684 vor
423 1624 569 1684 consulem
585 1645 670 1702 quern
685 1638 799 1702 tempus
811 1625 985 1703 reipublicae
997 1644 1067 1703 pos·

155 1713 174 1742 ¹‘
188 1705 302 1772 tularet,
314 1723 398 1782 quem
413 1702 536 1760 maxime
550 1703 644 1768 vultis,
655 1701 826 1762 haberetis.’'
865 1704 912 1762 lta
925 1704 963 1762 de
976 1705 1065 1762 comi·

154 1783 211 1854 tiis,
225 1783 319 1842 donec
332 1781 416 1840 rediit
429 1777 595 1840 Marcellus,
610 1777 753 1832 silentium
771 1777 835 1834 fuit.
873 1778 990 1838 Interea
1010 1781 1067 1840 du-

155 1861 255 1919 umviri
274 1858 361 1918 creati
381 1864 447 1912 suut
469 1855 504 1915 Q.
525 1850 630 1908 Fabius
650 1851 799 1910 Maximus
816 1865 847 1912 et
867 1854 903 1913 T.
923 1855 1069 1918 Otacilius

156 1939 275 2001 Crassus
307 1932 427 1990 aedibus
453 1926 629 1997 dedicandis,
657 1927 753 1990 Menti
778 1929 930 2002 Otacilius,
960 1934 1067 1997 Fabius

156 2011 261 2072 Veneri
277 2007 426 2086 Erycinae.
467 2005 597 2082 Utraque
611 2006 640 2064 in
655 2007 798 2084 Capitolio
818 2021 872 2077 est,
893 2012 987 2073 canali
1006 2032 1067 2072 uno

154 2091 303 2150 discretae.
345 2085 383 2146 Et
397 2085 434 2144 de
454 2085 591 2144 trecentis
604 2085 933 2165 equitibuaCampanis,
956 2091 1013 2168 qpi,
1034 2091 1064 2150 in

157 2166 252 2226 Sicilia
272 2181 338 2224 eum
362 2164 419 2226 lide
441 2163 589 2240 stipendiis
613 2163 747 2233 emeritis,
772 2165 897 2234 ltcmam
916 2180 1065 2240 venerant,

155 2244 221 2307 dein
234 2243 325 2304 latum
340 2245 376 2304 ad
391 2242 538 2322 pupulum,
552 2251 584 2298 ut
605 2241 682 2302 eires
704 2241 828 2302 Romani
848 2240 962 2312 eirena
982 2246 1065 2316 item,

156 2322 198 2386 uti
231 2322 389 2399 municipes
423 2319 546 2382 Cumani
572 2333 678 2390 essent,
705 2320 796 2398 pridie
828 2341 913 2400 quam
940 2323 1068 2400 populus

156 2401 321 2478 Campanus
344 2418 362 2457 a
384 2397 493 2477 populo
512 2397 644 2456 llomano
668 2397 830 2459 defecisset.
870 2399 1010 2469 Maxime,
1032 2415 1065 2464 ut

155 2481 213 2542 boe
235 2479 365 2547 ferretur,
385 2487 522 2544 moverat,
543 2475 630 2554 quod,
651 2495 771 2554 quorum
786 2478 934 2538 bominum
957 2493 1066 2549 essent,

157 2561 230 2620 scire
254 2557 357 2638 seipsi
381 2557 545 2634 negabant3
569 2567 665 2616 vetere
686 2555 778 2632 punit
801 2555 909 2628 relicti,
933 2558 962 2616 in
989 2575 1066 2629 earn,

156 2637 185 2703 in
213 2657 298 2712 quarn
326 2635 477 2705 redierant,
504 2632 634 2692 nondum
657 2632 769 2696 adsciti.
807 2635 963 2714 Postquam
984 2633 1067 2698 Mar·

156 2713 246 2770 cellus
269 2716 306 2770 ab
329 2715 463 2773 exercitu
481 2713 573 2780 rediit,
597 2711 713 2772 comitia
733 2713 782 2770 uni
806 2714 916 2771 consuli
938 2713 1068 2790 rogando

155 2789 295 2846 inlocum
315 2790 350 2846 L.
366 2791 505 2850 Postumii
526 2790 686 2848 edicuntur.
725 2789 847 2846 creatur
867 2790 976 2864 ingenti
996 2809 1068 2848 con-

156 2881 241 2922 sensu
262 2864 428 2932 Marcellus,
452 2866 501 2940 qui
525 2867 670 2938 externplo
694 2864 890 2937 magistratum
910 2865 1068 2940 occiperet.

156 2941 202 3002 cui
216 2939 325 3000 ineunti
346 2941 526 2998 consulatum
549 2957 635 3014 quum
656 2938 805 3007 tourrisset,
826 2943 919 3000 vocati
939 2959 1068 3019 augures

157 3017 225 3080 vitio
246 3027 373 3076 creatum
393 3015 481 3078 videri
502 3015 777 3094 pronunciaverunt:
798 3017 941 3096 vulgoque
963 3021 1066 3084 Patres

155 3099 197 3158 ita
210 3097 288 3156 fama
299 3097 438 3162 ferebant,
454 3095 531 3174 quod
545 3109 606 3154 turn
620 3094 743 3172 primum
756 3093 814 3156 duo
834 3097 939 3174 plebeii
959 3118 1064 3160 consu·

157 3177 199 3238 les
212 3175 400 3242 factiessent,
415 3175 444 3234 id
457 3175 519 3234 deis
532 3173 611 3234 cordi
624 3193 681 3234 non
697 3191 770 3234 esre.
809 3173 845 3234 Ιιι
864 3175 960 3236 locum
982 3177 1064 3239 Mar·

155 3253 232 3324 aelli,
258 3255 308 3314 ubi
331 3256 408 3313 isse
428 3271 475 3314 ma
498 3253 596 3312 ‘stratu
621 3252 773 3321 abdicavit,
801 3253 938 3315 suffectus
959 3255 1066 3318 Fabius
1128 3307 1131 3314 .

155 3331 304 3394 Maximus
318 3333 442 3394 tertium.
518 3351 567 3391 are
587 3333 658 3392 arsit
677 3351 712 3390 eo
732 3349 826 3390 anno:
848 3334 884 3392 ad
898 3333 1064 3394 Sinuessam

151 3413 374 3492 bosrequuleum
386 3412 496 3500 peperit
508 3431 515 3468 r
529 3410 610 3488 signa
623 3409 742 3470 Lanuvii
752 3411 790 3469 ad
800 3405 922 3472 Junouis
934 3408 1064 3492 Sospitae

154 3505 258 3550 eruore
272 3511 431 3564 manavere,
445 3490 645 3571 lapidibusque
665 3487 742 3550 cirea
760 3487 790 3550 id
812 3491 951 3569 templum
970 3485 1063 3566 pluit;
