2534 4010
332 290 336 296 ,
426 231 440 279 .·
476 221 642 284 arnan
672 221 755 282 xm.
1034 237 1072 290 a

164 377 274 442 Classis
293 380 425 438 Romana
443 378 604 449 incolumis,
625 381 683 438 una
702 387 815 437 tanturn
838 377 982 454 perforati
1003 382 1076 452 nari,

152 459 219 518 -sed
238 461 272 518 ea
292 477 405 537 quoque
423 457 488 534 ipsa
507 457 621 526 reduce,
645 457 674 514 in
695 469 810 532 portum
834 456 926 514 rediit.
967 458 1077 520 Secum

164 539 234 596 dum
247 536 322 596 hanc
336 553 474 614 pugnarn,
495 534 622 590 nondum
643 533 738 610 gnaris
757 536 829 610 ejus,
850 535 897 612 qui
920 534 1076 598 Messanae

135 627 253 683 ·erant‚
282 615 328 672 Ti.
357 611 545 688 Sempronius
572 612 669 668 consul
697 611 864 670 Messanam
892 614 977 672 venit.
1028 616 1074 686 Ei,

162 694 268 752 fretum
302 690 427 757 intranti,
461 707 512 747 rex
539 688 632 746 Hiero
659 688 779 747 classem
805 704 934 750 ornatam
961 695 1074 755 obviarn

163 765 266 830 duxit:
294 780 543 844 transgressusque
566 785 602 824 ex
624 765 702 840 regia
723 768 751 824 in
772 770 940 844 praetoriam
962 791 1073 844 navem,

161 847 324 924 gratulatus
338 845 473 922 sospitem
487 865 552 904 oum
574 845 701 902 exercitu
726 857 756 903 et
775 847 893 906 navibus
916 849 1073 922 advenisse,

163 935 356 1001 precatusque
370 943 534 1001 prosperum
547 942 582 982 ac
596 923 709 981 felicem
722 922 752 979 in
768 923 892 981 Siciliam
906 927 1073 998 transitum;

164 1013 272 1060 etatum
293 1002 396 1061 deinde
416 1003 525 1060 insulae
545 1015 575 1061 et
599 1001 882 1078 Karthaginiensium
903 1017 1006 1060 conata
1025 1027 1074 1064 ex-

165 1081 280 1158 posuit:
301 1079 503 1158 pollicitusque
516 1091 568 1148 est,
584 1099 639 1156 quo
654 1082 749 1137 animo
770 1079 865 1156 priore
887 1079 965 1138 bello
986 1099 1075 1158 popu·

163 1159 224 1216 lum
240 1159 403 1216 llomanum
415 1158 528 1235 juvenis
546 1158 708 1236 adjuvisset,
727 1175 761 1215 eo
782 1177 881 1216 senem
902 1158 1075 1238 adjuturum.

165 1237 352 1296 Frumentum
373 1236 600 1313 vestimentaque
623 1253 685 1292 sese
706 1235 867 1310 legionibus
887 1237 1011 1296 consulis
1029 1258 1074 1298 so-

165 1315 273 1390 ciisque
293 1314 439 1372 navalibus
459 1315 546 1391 gratis
566 1313 770 1390 praebiturum.
789 1313 897 1390 grande
915 1316 1073 1392 periculum

164 1391 307 1468 Lilybaeo
333 1391 537 1469 maritimisque
565 1392 728 1450 civitatibus
751 1411 824 1458 esse,
848 1404 877 1452 ct
901 1394 1072 1471 quibusdam

164 1469 325 1544 volentibus
338 1487 427 1528 novas
440 1490 486 1528 res
498 1471 569 1527 fore.
609 1470 657 1528 Ob
672 1469 745 1537 baec
766 1471 873 1528 consuli
894 1471 963 1530 nihil
985 1493 1072 1534 cuno·

152 1548 284 1605 -tandum
304 1549 405 1613 visum,
426 1547 494 1623 quin
517 1547 689 1622 Lilybaeum
712 1548 804 1606 classe
824 1559 952 1624 peteret:
974 1563 1003 1610 et
1022 1567 1074 1610 rex

163 1625 299 1702 regiaque
313 1625 411 1682 classis
426 1643 482 1681 uua
495 1624 625 1700 profecti.
639 1624 805 1700 navigantes
818 1625 893 1694 inde,
914 1639 1071 1702 pugnatum

163 1703 201 1760 ad
215 1703 395 1780 Lilybaeum,
416 1701 551 1779 fusasque
565 1715 595 1760 et
609 1714 708 1779 captas
728 1702 855 1762 hostium
874 1722 972 1775 naves,
992 1723 1074 1766 acce-

183 1800 245 1840 eres

163 1801 254 1916 le.
295 1859 507 1918 ALtnunnuo
522 1859 630 1928 consul,
653 1860 783 1918 Hierone
796 1880 863 1918 cum
884 1860 976 1921 classe
995 1863 1073 1939 regia
1138 1855 1140 1862 ’

164 1935 290 2004 dimisso,
310 1938 466 2014 relictoque
484 1946 614 2013 praetore
634 1937 671 1994 ad
690 1937 828 1996 tuendam
848 1938 962 1998 Siciliae
983 1959 1070 2009 oram,

163 2013 268 2090 ipsein
282 2014 404 2071 insulam
424 2014 567 2080 Melitam,
589 2031 663 2090 quae
682 2031 701 2070 a
722 2015 1010 2092 Karthaginiensibus
1030 2032 1072 2079 to·

164 2094 297 2160 uebatur,
319 2092 439 2169 trajecit.
481 2091 656 2150 advenienti
680 2091 837 2160 Hamilcar,
862 2094 997 2170 Gisgonis
1017 2097 1070 2156 fili·

164 2189 207 2237 ur,
227 2169 389 2247 praefectus
409 2169 551 2248 praesidii,
563 2189 640 2228 cum
659 2169 744 2246 paulo
762 2170 856 2229 minus
874 2171 989 2231 duobus
1010 2176 1072 2233 roil-

164 2248 238 2306 libus
261 2248 392 2317 militum,
417 2248 611 2326 oppidumque
638 2267 703 2308 cum
726 2249 819 2306 insula
841 2249 979 2316 traditur:
1006 2252 1072 2312 inde

164 2337 229 2401 post
255 2345 363 2402 paucos
386 2327 448 2385 dies
469 2327 594 2384 reditum
615 2326 798 2402 Lilybaeum,
820 2328 1073 2405 captiviqueveta

164 2405 282 2462 consule
295 2415 324 2462 et
344 2422 362 2460 a
382 2417 521 2480 praetore,
542 2418 656 2483 praeter
673 2406 797 2482 insignes
818 2406 1072 2478 nobilitate'viros,

164 2482 218 2540 sub
232 2501 339 2540 corona
352 2483 511 2540 venierunt.
544 2483 708 2560 vPostquam
722 2486 759 2541 ub
781 2503 815 2540 ea
834 2495 916 2560 parte
941 2485 1009 2540 satis
1029 2497 1073 2542 tu-

163 2573 224 2617 tam
240 2559 363 2616 SIciliam
383 2561 521 2616 censebat
538 2561 647 2625 consul,
668 2561 703 2618 ad
725 2560 831 2618 insulas
855 2559 977 2616 Vulcani
997 2562 1074 2638 (quia

163 2637 243 2692 fama
268 2646 339 2702 erat,
367 2646 442 2691 stare
468 2635 508 2692 ibi
535 2635 674 2692 Punicam
701 2637 834 2712 classem)
867 2638 986 2713 trajecit.
1018 2659 1072 2701 nec

164 2711 314 2792 quisquam
328 2712 451 2770 bostiam
470 2711 546 2770 circa
560 2730 608 2769 eas
622 2713 728 2770 insulas
752 2715 891 2774 inventus.
929 2716 995 2776 Jam
1016 2719 1071 2784 sor,-

164 2807 194 2850 te
207 2792 422 2850 transmiserant
435 2790 471 2848 ad
485 2790 651 2850 vastandam
674 2791 775 2852 ltaliae
796 2812 894 2851 oram:
914 2793 1070 2874 depopula-

136 2881 251 2947 ‚toque
276 2869 432 2928 Viboneusi
455 2889 524 2948 agro
547 2870 648 2928 urbem
669 2869 754 2928 etiam
778 2875 934 2932 terrebant.
974 2875 1070 2954 Repe·

164 2947 236 3006 tenti
252 2947 376 3006 Siciliam
395 2949 504 3006 consuli
524 2947 673 3008 exscensio
694 2948 828 3019 hostium,
849 2952 879 3008 in
900 2970 1000 3028 agrum
1021 2955 1070 3012 vt-

163 3029 321 3085 bouensem
347 3026 434 3094 facta,
462 3027 635 3091 nunciatur;
662 3025 826 3104 literaeque,
850 3031 887 3088 ab
911 3040 1012 3091 senatu
1033 3031 1070 3090 de

158 3103 285 3161 'transitu
298 3104 327 3160 in
341 3105 456 3163 ltaliam
474 3103 655 3171 Hannibalis,
671 3114 700 3160 et
714 3117 745 3166 nt
766 3107 856 3182 primo
870 3101 983 3186 quoquc
997 3119 1069 3168 tem·

162 3179 375 3259 pore'collegae
388 3183 474 3241 ferret
493 3180 637 3249 auxilium,
659 3181 770 3251 missae,
791 3185 950 3246 traduntur.
990 3184 1069 3245 Mul-

164 3260 201 3318 tis
226 3256 310 3314 simul
335 3261 437 3318 anxius
460 3257 545 3324 curis,
569 3257 734 3330 exercitum,
759 3261 904 3338 extemplo
927 3263 955 3321 in
983 3263 1069 3314 naues

162 3335 339 3415 impositum,
353 3337 515 3394 Ariminum
535 3353 638 3411 supero
657 3339 728 3395 mari
741 3339 836 3396 misit:
858 3341 925 3395 Sex.
947 3333 1071 3406 Pompo·

162 3415 211 3472 nio
224 3413 322 3490 legato
342 3431 409 3472 cum
430 3413 529 3490 viginti
549 3413 674 3490 quinque
686 3415 778 3490 longis
792 3413 912 3470 navibus
925 3407 1071 3468 Vibonen-

165 3509 225 3551 rem
245 3508 345 3568 agrum
363 3489 591 3570 maritimamque
610 3509 692 3552 oram
711 3490 813 3548 ltaliae
834 3479 971 3545 tuendam
984 3484 1070 3542 ‚attrb
