2386 3930
444 241 610 348 mnan
641 237 735 307 XXV.
987 245 1045 312 223

134 407 157 440 ’θ
176 401 249 462 voris
270 399 434 464 insimulare
454 411 558 479 potest,
572 395 623 462 ubi
646 400 711 480 plus
731 399 936 482 quinquaginta
959 399 1069 464 taillia¹

136 489 157 520 ‘⁴
175 480 322 539 hominum
336 478 519 547 ceciderunt;
538 480 616 540 uude
629 479 729 550 consul
743 497 809 540 cum
824 479 969 558 equitibus
981 487 1047 560 sep*-

135 567 155 598 “
175 558 305 636 nonginta
327 557 344 616 f
379 558 423 625 it;
451 558 530 616 unde
548 575 634 615 uerno
654 568 792 636 superest,
807 558 860 618 riisi
881 558 1046 636 quembos·

135 645 154 675 “
173 637 220 707 tis,
245 635 355 696 caedeu
376 655 394 695 o
416 635 520 705 fessus,
545 633 681 712 reliquit?
733 637 831 701 Quum
858 636 977 712 captivis
1003 655 1047 698 re·

134 715 240 776 “dem
263 714 307 774 tio
330 715 499 790 negabatur,
526 731 581 772 nos
606 712 692 790 uulgo
723 713 853 774 homiues
878 714 1046 786 laudabant,

133 801 154 908 2
174 813 212 871 qu
274 791 448 883 reipublicae
468 810 521 852 nos
539 791 783 880 resarcissemusj
803 793 879 886 quqd
892 793 930 884 ad
945 809 1048 885 consu

133 957 155 1062 :⁶
175 871 233 1008 {a
246 869 914 1010 falsissimis

98 1145 99 1150 ψ
134 1036 155 1144 «ε
175 1023 996 1183 sutttamsmuulm¹asma
1014 1025 1049 1164 l

134 1190 155 1221 ‘¹
176 1201 234 1260 quo
255 1182 407 1246 tenderent
429 1183 459 1242 iu
481 1182 592 1253 castris,
612 1193 658 1242 est
679 1191 825 1242 mutatust
852 1199 930 1260 quae
952 1193 1050 1244 umen

124 1263 156 1314 ‚⁴⁶
177 1260 267 1320 semel
284 1263 390 1322 navali
409 1261 450 1322 rei
470 1261 584 1322 ublicae
594 1261 693 1339 operis,
707 1271 738 1319 et
757 1277 816 1320 uuo
834 1258 912 1320 felici
931 1259 1049 1338 proelio,

136 1345 156 1376 “
177 1337 391 1420 recuperisrunt.
443 1281 540 1400 dame
565 1353 665 1400 eorum
691 1339 836 1417 relegatus
862 1338 892 1398 in
918 1338 1050 1400 exsilium

137 1423 157 1454 “
176 1429 239 1476 ests
259 1417 365 1476 nemini
379 1437 444 1498 spes
457 1417 605 1480 emerendi
628 1416 770 1498 stipendia
784 1417 937 1494 adempta:
958 1417 1049 1478 bostis

136 1501 156 1534 “
177 1495 301 1627 denique
324 1507 378 1584 est·
394 1497 582 1585 dastracum
605 1511 661 1581 quo
685 1493 865 1561 dimicantes,
888 1505 941 1584 aut
961 1495 1050 1586 vitam

136 1577 255 1632 “teme
293 1581 344 1629 aut
366 1587 554 1661 pgnomruram
580 1569 702 1628 finirent.
756 1569 828 1639 Nos,
856 1572 960 1662 quibus¹
987 1576 1051 1662 (nisa

136 1657 156 1689 “
177 1648 256 1726 quod
268 1665 472 1717 commisimus,
492 1658 525 1708 ut
538 1647 688 1726 quisquam
706 1665 744 1706 ex
755 1646 903 1706 Cannensi
916 1666 979 1712 aare
999 1667 1051 1708 nu·

136 1734 157 1768 “
176 1728 220 1786 les
244 1725 394 1786 Romanus
415 1726 591 1805 superesset)
603 1723 673 1784 nibil
695 1723 781 1802 objici
821 1735 906 1795 utet,
927 1743 985 1784 non
997 1745 1051 1802 so·

137 1813 157 1844 ‘⁶
178 1805 271 1864 iums
290 1805 382 1883 patria
402 1805 502 1883 procul
519 1803 669 1881 Italiaque,
684 1803 735 1864 sed
749 1803 787 1862 ab
800 1744 885 1864 toste
897 1803 993 1874 etiarn,
1008 1823 1052 1864 re·

138 1889 158 1922 ‘⁴
178 1882 267 1958 legati
281 1899 395 1949 sumus:
418 1883 468 1942 ubi
488 1897 669 1944 senescamus
686 1881 716 1940 in
730 1881 839 1952 exsilio,
853 1901 891 1942 ne
906 1900 963 1960 qua
974 1899 1051 1961 spes,

139 1967 158 1998 “
179 1979 216 2020 ne
230 1979 287 2038 qua
305 1961 420 2020 occmio
433 1961 593 2022 abolendae
612 1959 915 2040 ignominiosusque
935 1960 1052 2039 placan-
1108 1985 1117 2011 ι

138 2045 158 2075 “
179 2038 235 2097 dae
257 2038 360 2097 civium
382 2039 449 2107 irae,
469 2053 508 2100 ne
531 2056 589 2117 qua
609 2037 732 2115 denique
750 2039 826 2100 bene
846 2039 986 2100 moriendi
1006 2041 1052 2100 sit.

139 2125 159 2154 ‘⁴
182 2115 285 2194 Neque
307 2116 480 2193 ignominiae
500 2115 588 2176 finem
610 2133 667 2178 nac
688 2115 799 2174 virtutis
821 2118 979 2192 praemium
1000 2137 1051 2196 pe·

138 2201 158 2232 “
180 2195 288 2263 timus3
318 2193 404 2254 modo
423 2194 545 2273 experiri
566 2193 702 2262 animum,
712 2205 750 2252 ¹st¹
759 2193 897 2254 virtutem*
906 2211 1052 2265 uerrere.

140 2281 159 2311 “
179 2271 272 2334 liceat.
286 2272 414 2334 laborem
439 2286 468 2332 et
490 2270 649 2351 periculum
671 2271 805 2351 petimus.
819 2285 852 2330 ut
872 2273 1005 2344 virorum,
1019 2287 1052 2332 ut

139 2359 159 2388 “
179 2351 311 2422 militum,
323 2351 417 2412 officio
439 2351 600 2430 fungamur.
641 2349 755 2410 Bellum
778 2351 807 2410 iu
823 2350 919 2411 Sicilia
937 2355 998 2430 jara
1011 2352 1053 2410 al·

139 2435 160 2480 i‘
181 2441 273 2488 terum
287 2446 394 2486 anuum
407 2431 515 2506 ingenti
528 2428 714 2488 dimicatione
727 2429 852 2504 geritur:
876 2432 963 2491 urbes
982 2429 1053 2488 alias

141 2514 160 2544 “
181 2505 306 2576 Poenus,
320 2506 391 2566 alias
413 2507 562 2567 Romanus
580 2518 746 2586 expugnat:
766 2505 905 2584 pediturn,
924 2507 1052 2582 equiturn

140 2594 160 2622 ‘¹
181 2585 258 2642 acies
272 2598 464 2644 concurruntr
483 2586 522 2644 ad
536 2585 692 2662 Syracusas
706 2585 782 2644 terra
795 2583 923 2660 marique
942 2599 988 2640 rus
999 2603 1052 2662 ge-

141 2671 161 2700 “
182 2661 271 2720 riturr
302 2661 455 2722 clamorem
480 2663 667 2740 pugnantium
691 2661 889 2738 crepitumque
909 2679 1053 2726 armatum

127 2749 160 2778 “‘
182 2739 359 2810 exaudimus,
373 2740 481 2820 resides
502 2739 556 2816 ipsi
579 2757 615 2798 ac
635 2758 747 2818 segnes,
769 2751 904 2816 tanquam
923 2760 979 2801 neo
991 2760 1052 2803 ma·

142 2827 161 2858 “
183 2837 237 2877 nus
260 2835 315 2876 nec
336 2835 416 2878 arma
438 2817 605 2878 habeamus.
648 2817 799 2878 Smsorum
823 2817 984 2895 legionibus
1007 2821 1053 2881 Ti.

141 2904 161 2934 “
183 2895 367 2975 Sempronius
391 2896 491 2958 consul
512 2895 597 2956 toties
617 2898 678 2974 jam
691 2913 759 2956 oum
777 2895 863 2958 busta
882 2897 971 2976 signis
993 2901 1052 2960 ool·

141 2983 160 3013 ‘⁶
181 2974 245 3034 latis
277 2975 424 3053 pugnavit.
456 2975 711 3053 operaepretium
743 2973 862 3043 babent,
889 2976 1052 3036 libertatem

141 3060 161 3091 ‘⁸
181 3052 393 3129 civitatemque.
433 3053 490 3112 Pre
508 3053 596 3112 servis
605 3053 761 3118 saltemad
781 3052 838 3113 hoo
851 3054 959 3114 wem
972 3071 1054 3130 erup·

143 3137 162 3166 “
183 3128 219 3186 tis
232 3127 313 3186 vobis
336 3129 434 3188 simus.
454 3131 591 3206 congredi
614 3149 681 3190 cum
702 3130 786 3192 busta
808 3131 903 3199 lineat,
927 3143 958 3190 et
980 3149 1053 3208 pug-
1153 3197 1157 3204 ,

142 3214 161 3244 “
182 3205 278 3266 nando
300 3225 438 3285 quaerere
461 3207 632 3269 libertatem.
673 3207 724 3270 Vis
746 3221 778 3268 tu
802 3209 882 3276 mari,
905 3210 947 3271 vis
968 3211 1052 3282 terra,

141 3293 161 3322 “
182 3284 224 3342 vis
243 3282 315 3355 acic,
329 3286 370 3344 ris
392 3284 512 3346 urbibus
531 3287 730 3364 oppugnandis
751 3285 874 3363 experiri
895 3287 1052 3346 virtutensi

143 3371 161 3404 ‘⁶
181 3362 335 3441 asperrima
349 3381 421 3442 quae
501 3361 539 3424 ad
561 3364 690 3426 laborem
713 3363 928 3443 periculumque
951 3362 1053 3440 depos

140 3452 162 3527 .“
181 3440 282 3514 cimus,
303 3454 344 3514 ut,
366 3461 424 3523 quo
471 3441 509 3503 ad
537 3442 651 3506 cuins
677 3439 845 3502 faciundum
866 3439 930 3514 fuit,
953 3455 1053 3519 qum
