2386 3930
456 213 621 300 arasa
650 215 744 300 xxv.
985 224 1043 306 'ass

142 393 334 454 circumsessis
366 393 462 462 modo,
496 396 664 454 sedetiam
697 395 924 465 circumvallatis,
951 395 1046 456 ferret

144 473 316 531 Consulibus
342 471 441 529 literae
464 489 482 528 a
505 472 539 530 P.
566 474 698 532 Cornelio
718 486 849 550 praetore
871 474 982 550 missae,
1003 485 1045 542 ut,

142 550 305 627 priusquam
338 548 505 606 clauderent
539 551 667 626 Capuam
697 552 839 628 operibus,
872 562 1047 627 potestatem

138 626 299 704 'Campanis
325 625 461 696 facerent,
482 637 523 695 ut,
548 627 596 704 qui
618 646 717 684 eorum
739 629 854 697 vellent,
879 629 989 686 exirent
1009 629 1046 686 ab

144 705 253 781 Capua,
286 721 406 779 suasque
439 723 484 762 res
518 723 615 762 secum
643 705 806 762 auferrent:
839 705 944 764 liberos
976 706 1047 774 fore,

137 801 253 858 suaque
266 781 362 837 omnia
380 780 536 850 babituros,
552 781 598 858 qui
613 791 680 839 ante
694 781 762 837 idus
776 782 896 840 Martias
911 784 1048 842 exissent.

142 869 209 936 post
233 877 296 915 eam
311 858 387 915 diem
409 859 512 936 quique
534 861 669 926 exissent,
683 858 787 934 quique
806 859 846 916 ibi
869 861 1047 927 mansissent,

143 935 269 993 hostium
282 935 394 992 futuros
407 955 535 994 numero.
572 936 613 992 Ea
626 936 814 1012 pronunciata
828 937 989 1012 Campanis,
1004 949 1047 996 at·

143 1033 202 1091 que
220 1014 261 1070 ita
284 1025 388 1088 spreta,
403 1025 435 1070 ut
455 1013 530 1072 ultro
550 1013 678 1071 dicerent
692 1011 889 1080 contumelias,
909 1013 1050 1072 minaren-

135 1095 255 1168 'turque
296 1089 441 1146 Hannibal
463 1091 500 1147 ab
522 1091 679 1149 Herdonea
699 1091 856 1147 Tarentum
869 1088 991 1148 duxerat
1011 1090 1052 1147 le·
1090 1087 1092 1093 ’
1174 1081 1181 1104 “

143 1168 243 1244 giones
258 1187 317 1244 spe,
332 1178 382 1226 aut
394 1167 430 1236 vi,
445 1180 495 1224 aut
515 1167 589 1235 dolo,
605 1167 677 1225 arcis
695 1167 868 1225 Tarentinae
887 1166 1053 1244 potiundae.

134 1244 233 1310 'Quod
256 1245 306 1302 ubi
331 1263 432 1320 parum
454 1245 601 1321 processit,
625 1244 662 1302 ad
687 1244 868 1302 Brundisium
889 1245 969 1302 flexit
990 1245 1051 1313 iter,

135 1321 227 1400 'prodi
247 1321 275 1378 id
296 1321 431 1398 oppidum
451 1334 538 1379 ratus.
559 1321 599 1380 ibi
620 1341 732 1400 quoque
748 1341 836 1399 quum
855 1323 960 1380 frustra
980 1334 1053 1381 tera-

143 1411 189 1458 ret
208 1409 329 1476 tempus,
345 1399 429 1476 legati
444 1399 584 1476 Campani
604 1401 641 1456 ad
658 1419 725 1457 eum
738 1411 886 1469 venerunt,
902 1410 1054 1477 querentes

144 1475 237 1545 simul,
259 1488 436 1552 orantesque.
460 1477 564 1550 quibus
591 1476 738 1532 Hannibal
766 1479 916 1550 magnifiee
936 1494 1053 1553 respon·

144 1551 196 1623 dit,
217 1565 247 1611 et
273 1565 359 1609 antea
385 1551 501 1608 solvisse
525 1549 711 1618 obsidionem,
739 1561 769 1608 et
796 1571 872 1608 nunc
899 1553 1054 1610 adventum

135 1627 230 1690 ‘suum
251 1629 381 1686 consules
401 1646 459 1684 non
479 1627 595 1685 laturos
637 1627 711 1685 Cum
735 1627 789 1684 hac
810 1648 860 1704 spe
884 1628 999 1698 dimissi,
1014 1631 1054 1688 le-

145 1708 206 1784 gati
232 1707 279 1763 vix
305 1705 416 1781 regredi
440 1703 579 1782 Capuam,
603 1705 664 1782 jani
687 1703 794 1782 duplici
820 1705 897 1763 fossa
923 1706 1053 1784 valloque

136 1786 279 1852 'cinctam
299 1794 464 1860 potuerunt.
761 1783 763 1788 ’

139 1861 141 1872 ’
186 1861 299 1920 ΧΧΙΙΙ.
339 1863 437 1924 Quum
459 1860 581 1918 maxime
596 1859 697 1939 Capua
716 1859 984 1930 circumvallaretur,
1002 1861 1054 1939 Sy·

136 1937 310 1998 'racusarum
325 1939 499 2014 oppugnatio
513 1939 550 1994 ad
566 1938 654 1996 finem
667 1939 753 2008 venit,
767 1951 965 2016 praeterquam
979 1939 1005 1995 vi
1019 1957 1055 1998 ac

147 2017 252 2074 virtute
278 2014 359 2072 ducis
386 2015 593 2092 exercitiaque,
620 2016 755 2074 intestina
782 2017 868 2073 etiam
894 2017 1055 2094 proditione

146 2095 254 2170 adjuta·
294 2091 427 2169 Namque
449 2091 604 2149 Marcellus
624 2090 790 2150 initio'veris
803 2095 937 2163 incertus,
959 2105 1055 2152 utrum

149 2171 340 2250 Agrigentum
364 2170 401 2228 ad
432 2169 626 2228 Himilconem
646 2180 676 2227 et
703 2169 910 2246 Hippocratem
932 2182 1056 2232 verteret

146 2250 265 2317 bellum,
289 2267 326 2306 an
350 2247 497 2305 obsidione
523 2248 677 2324 Syracusas
699 2260 863 2324 premeret;
893 2267 1056 2326 quanquam

148 2345 203 2386 nec
223 2327 250 2383 vi
270 2327 334 2404 capi
353 2325 469 2383 videbat
492 2343 585 2402 posse,
606 2325 857 2403 inexpugnabilem
876 2327 1002 2386 terrestri
1021 2345 1057 2384 ac

148 2403 290 2462 maritimo
312 2404 377 2471 ritu,
398 2403 508 2471 urbem,
522 2421 578 2460 nec
595 2403 682 2472 fame,
701 2422 787 2479 quam
808 2421 896 2480 prope
915 2403 996 2461 liberi
1018 2403 1056 2460 ab

150 2477 329 2556 Karthagine
356 2491 532 2537 commeatus
559 2480 677 2549 alerent,
701 2489 807 2547 tamen,
829 2479 954 2556 nequid
977 2479 1056 2537 inex-

149 2567 263 2636 pertum
289 2557 469 2633 relinqueret,
490 2558 650 2632 transfugas
679 2555 873 2633 Syracusanos
894 2559 987 2629 (erant
1006 2573 1056 2612 au·

149 2645 211 2693 tem
231 2633 308 2710 apud
331 2633 476 2690 Romanos
498 2632 584 2709 aliqui
603 2633 769 2690 nobilissimi
789 2632 849 2699 viri,
869 2632 943 2687 inter
963 2631 1057 2692 defec-

150 2711 259 2770 tionem
273 2713 310 2768 ab
326 2709 472 2778 Romanis,
487 2711 554 2787 quia
568 2711 604 2766 ab
625 2710 705 2767 novis
719 2707 842 2768 consiliis
856 2707 1057 2778 abhorrebant,

138 2790 236 2868 pulsi)
260 2788 408 2864 colloquiis
434 2806 503 2844 suae
526 2787 614 2862 partis
640 2798 752 2844 tentare
776 2785 924 2844 hominurn
949 2788 1058 2846 animos

102 2911 106 2916 .
149 2867 242 2945 jussit,
258 2879 287 2924 et
300 2866 387 2925 fidem
402 2865 478 2933 dare,
494 2865 517 2921 si
531 2863 652 2924 traditae
665 2862 757 2922 forent
773 2863 939 2940 Syracusae,
953 2865 1058 2924 liberos

152 2965 202 3004 eos
222 2944 334 3006 ansuis
354 2943 465 3018 legibus
485 2941 609 3000 victuros
630 2959 701 3000 esse.
752 2940 819 2998 Non
842 2953 902 3000 erat
925 2941 1059 3020 colloquii

152 3022 244 3098 copie,
259 3021 325 3096 quia
343 3021 497 3077 multorum
517 3018 607 3077 animi¹
624 3019 748 3096 suspecti
769 3021 896 3078 omnium
908 3030 1013 3077 'curam
1028 3038 1058 3075 o-

154 3097 292 3173 culosque
312 3095 519 3164 converterant,
539 3096 671 3172 nequid
690 3093 800 3154 falleret
820 3098 877 3154 tale
897 3096 1059 3152 admissum.

155 3173 260 3232 Servus
283 3191 357 3230 unus
377 3171 518 3240 exsulum,
533 3191 583 3248 pro
604 3173 751 3250 transfuga
769 3172 946 3233 intromissus
966 3172 995 3229 in
1015 3191 1060 3228 ur-

155 3253 231 3320 bem,
255 3250 403 3308 conveotia
431 3248 539 3326 paucis,
565 3249 676 3308 initium
698 3249 885 3328 colloquendi
900 3250 937 3308 de
957 3249 1007 3306 tali
1030 3267 1061 3306 re

153 3327 233 3386 fecit.
252 3327 355 3384 deinde
375 3327 404 3385 in
431 3327 582 3404 piscatoria
602 3328 717 3405 quidam
740 3330 804 3386 navi
824 3326 932 3385 retibus
959 3326 1060 3402 operti,

155 3405 393 3481 circumvectique
406 3405 447 3462 ita
460 3403 497 3461 ad
518 3413 610 3462 castra
631 3405 770 3474 Romana,
786 3403 975 3479 collocutique
995 3421 1062 3460 curn

153 3481 326 3560 transfugis:
346 3493 375 3541 et
395 3481 471 3540 idem
484 3481 599 3562 saepius
615 3480 720 3545 'eodem
740 3478 890 3546 modo,alii
903 3490 989 3559 atque
1007 3480 1063 3540 alii.
