<?xml version="1.0" encoding="UTF-8"?>
<!DOCTYPE html PUBLIC "-//W3C//DTD XHTML 1.0 Transitional//EN"
    "http://www.w3.org/TR/xhtml1/DTD/xhtml1-transitional.dtd">
<html xmlns="http://www.w3.org/1999/xhtml" xml:lang="en" lang="en">
 <head>
  <title>
</title>
<meta http-equiv="Content-Type" content="text/html;charset=utf-8" />
  <meta name='ocr-system' content='tesseract 3.04.00' />
  <meta name='ocr-capabilities' content='ocr_page ocr_carea ocr_par ocr_line ocrx_word'/>
</head>
<body>
  <div class='ocr_page' id='page_1' title='image "./titiliviihistor03livigoog_0082.png"; bbox 0 0 2534 4010; ppageno 0'>
   <div class='ocr_carea' id='block_1_1' title="bbox 449 199 1043 268">
    <p class='ocr_par' dir='ltr' id='par_1_1' title="bbox 449 199 1043 268">
     <span class='ocr_line' id='line_1_1' title="bbox 449 199 1043 268; baseline 0.017 -10"><span class='ocrx_word' id='word_1_1' title='bbox 449 199 615 262; x_wconf 78' lang='lat' dir='ltr'>LIBER</span> <span class='ocrx_word' id='word_1_2' title='bbox 644 199 743 265; x_wconf 77' lang='lat' dir='ltr'>xxti.</span> <span class='ocrx_word' id='word_1_3' title='bbox 841 208 845 214; x_wconf 87' lang='lat'>&#39;</span> <span class='ocrx_word' id='word_1_4' title='bbox 1007 207 1043 268; x_wconf 73' lang='lat'>71</span> 
     </span>
    </p>
   </div>
   <div class='ocr_carea' id='block_1_2' title="bbox 80 353 1107 2310">
    <p class='ocr_par' dir='ltr' id='par_1_2' title="bbox 80 353 1107 2310">
     <span class='ocr_line' id='line_1_2' title="bbox 80 353 1046 428; baseline 0 -14"><span class='ocrx_word' id='word_1_5' title='bbox 80 371 82 376; x_wconf 79' lang='grc'>’</span> <span class='ocrx_word' id='word_1_6' title='bbox 142 361 162 394; x_wconf 79' lang='lat'>‘⁴</span> <span class='ocrx_word' id='word_1_7' title='bbox 175 354 263 414; x_wconf 84' lang='lat' dir='ltr'>calles</span> <span class='ocrx_word' id='word_1_8' title='bbox 285 355 440 416; x_wconf 83' lang='lat' dir='ltr'>exercitum</span> <span class='ocrx_word' id='word_1_9' title='bbox 463 355 601 428; x_wconf 79' lang='lat' dir='ltr'>ducimm,</span> <span class='ocrx_word' id='word_1_10' title='bbox 626 357 734 418; x_wconf 85' lang='lat' dir='ltr'>conditi</span> <span class='ocrx_word' id='word_1_11' title='bbox 755 353 882 416; x_wconf 81' lang='lat' dir='ltr'>nubibus</span> <span class='ocrx_word' id='word_1_12' title='bbox 900 353 935 416; x_wconf 84' lang='lat' dir='ltr'>sil</span> <span class='ocrx_word' id='word_1_13' title='bbox 956 354 963 367; x_wconf 91' lang='lat'>&#39;</span> <span class='ocrx_word' id='word_1_14' title='bbox 1018 375 1046 414; x_wconf 84' lang='lat' dir='ltr'>a.</span> 
     </span>
     <span class='ocr_line' id='line_1_3' title="bbox 142 433 1045 512; baseline 0.001 -21"><span class='ocrx_word' id='word_1_15' title='bbox 142 433 208 491; x_wconf 76' lang='lat' dir='ltr'>“si</span> <span class='ocrx_word' id='word_1_16' title='bbox 222 434 276 492; x_wconf 85' lang='lat' dir='ltr'>boc</span> <span class='ocrx_word' id='word_1_17' title='bbox 287 435 373 493; x_wconf 90' lang='lat' dir='ltr'>modo</span> <span class='ocrx_word' id='word_1_18' title='bbox 387 436 564 512; x_wconf 86' lang='lat' dir='ltr'>peragrando</span> <span class='ocrx_word' id='word_1_19' title='bbox 583 437 734 494; x_wconf 84' lang='lat' dir='ltr'>cacumina</span> <span class='ocrx_word' id='word_1_20' title='bbox 753 433 900 511; x_wconf 71' lang='lat' dir='ltr'><strong>saltusque</strong></span> <span class='ocrx_word' id='word_1_21' title='bbox 920 433 966 493; x_wconf 87' lang='lat' dir='ltr'>M.</span> <span class='ocrx_word' id='word_1_22' title='bbox 981 445 983 448; x_wconf 83' lang='grc'><strong>“</strong></span> <span class='ocrx_word' id='word_1_23' title='bbox 1012 453 1045 492; x_wconf 93' lang='lat' dir='ltr'>u·</span> 
     </span>
     <span class='ocr_line' id='line_1_4' title="bbox 143 510 1046 591; baseline 0.004 -24"><span class='ocrx_word' id='word_1_24' title='bbox 143 511 232 570; x_wconf 84' lang='lat' dir='ltr'>“rius</span> <span class='ocrx_word' id='word_1_25' title='bbox 245 512 371 591; x_wconf 75' lang='lat' dir='ltr'>&#39;recipere</span> <span class='ocrx_word' id='word_1_26' title='bbox 384 531 402 570; x_wconf 88' lang='lat' dir='ltr'>a</span> <span class='ocrx_word' id='word_1_27' title='bbox 415 511 508 570; x_wconf 86' lang='lat' dir='ltr'>Gallis</span> <span class='ocrx_word' id='word_1_28' title='bbox 521 513 623 571; x_wconf 88' lang='lat' dir='ltr'>urbem</span> <span class='ocrx_word' id='word_1_29' title='bbox 639 513 783 579; x_wconf 87' lang='lat' dir='ltr'>voluisset.</span> <span class='ocrx_word' id='word_1_30' title='bbox 804 529 862 588; x_wconf 91' lang='lat' dir='ltr'>quo</span> <span class='ocrx_word' id='word_1_31' title='bbox 882 510 929 570; x_wconf 90' lang='lat' dir='ltr'>bic</span> <span class='ocrx_word' id='word_1_32' title='bbox 953 529 1046 572; x_wconf 79' lang='lat' dir='ltr'>novus</span> 
     </span>
     <span class='ocr_line' id='line_1_5' title="bbox 143 588 1046 668; baseline 0.002 -20"><span class='ocrx_word' id='word_1_33' title='bbox 143 596 163 626; x_wconf 78' lang='lat'>‘⁶</span> <span class='ocrx_word' id='word_1_34' title='bbox 175 588 321 658; x_wconf 78' lang='lat' dir='ltr'>Camillus,</span> <span class='ocrx_word' id='word_1_35' title='bbox 335 589 420 648; x_wconf 88' lang='lat' dir='ltr'>nobis</span> <span class='ocrx_word' id='word_1_36' title='bbox 436 588 560 646; x_wconf 85' lang='lat' dir='ltr'>dictator</span> <span class='ocrx_word' id='word_1_37' title='bbox 574 589 674 648; x_wconf 89' lang='lat' dir='ltr'>unicus</span> <span class='ocrx_word' id='word_1_38' title='bbox 693 590 723 648; x_wconf 89' lang='lat' dir='ltr'>in</span> <span class='ocrx_word' id='word_1_39' title='bbox 735 589 823 648; x_wconf 83' lang='lat' dir='ltr'>rebus</span> <span class='ocrx_word' id='word_1_40' title='bbox 835 589 945 650; x_wconf 85' lang='lat' dir='ltr'>affectis</span> <span class='ocrx_word' id='word_1_41' title='bbox 957 609 1046 668; x_wconf 82' lang='lat' dir='ltr'>quse·</span> 
     </span>
     <span class='ocr_line' id='line_1_6' title="bbox 143 665 1046 744; baseline 0.004 -20"><span class='ocrx_word' id='word_1_42' title='bbox 143 667 254 737; x_wconf 78' lang='lat' dir='ltr'>“situs,</span> <span class='ocrx_word' id='word_1_43' title='bbox 269 667 384 725; x_wconf 86' lang='lat' dir='ltr'>ltaliam</span> <span class='ocrx_word' id='word_1_44' title='bbox 397 667 435 724; x_wconf 90' lang='lat' dir='ltr'>ab</span> <span class='ocrx_word' id='word_1_45' title='bbox 456 665 622 724; x_wconf 80' lang='lat' dir='ltr'>Hannibale</span> <span class='ocrx_word' id='word_1_46' title='bbox 643 685 811 744; x_wconf 88' lang='lat' dir='ltr'>recuperare</span> <span class='ocrx_word' id='word_1_47' title='bbox 834 679 923 744; x_wconf 83' lang='lat' dir='ltr'>parat,</span> <span class='ocrx_word' id='word_1_48' title='bbox 944 669 1046 728; x_wconf 86' lang='lat' dir='ltr'>Gallo·</span> 
     </span>
     <span class='ocr_line' id='line_1_7' title="bbox 140 743 1045 822; baseline 0.008 -21"><span class='ocrx_word' id='word_1_49' title='bbox 140 751 237 802; x_wconf 73' lang='lat' dir='ltr'>“rum</span> <span class='ocrx_word' id='word_1_50' title='bbox 258 745 355 802; x_wconf 86' lang='lat' dir='ltr'>Roma</span> <span class='ocrx_word' id='word_1_51' title='bbox 374 754 467 803; x_wconf 75' lang='lat' dir='ltr'>essetr</span> <span class='ocrx_word' id='word_1_52' title='bbox 487 761 573 822; x_wconf 91' lang='lat' dir='ltr'>quam</span> <span class='ocrx_word' id='word_1_53' title='bbox 594 763 693 804; x_wconf 82' lang='lat' dir='ltr'>vereor</span> <span class='ocrx_word' id='word_1_54' title='bbox 712 763 758 812; x_wconf 90' lang='lat' dir='ltr'>ne,</span> <span class='ocrx_word' id='word_1_55' title='bbox 778 743 819 804; x_wconf 80' lang='lat' dir='ltr'>sic</span> <span class='ocrx_word' id='word_1_56' title='bbox 841 747 1045 808; x_wconf 73' lang='lat' dir='ltr'>cunctantibus</span> 
     </span>
     <span class='ocr_line' id='line_1_8' title="bbox 142 821 1046 902; baseline 0.004 -22"><span class='ocrx_word' id='word_1_57' title='bbox 142 830 161 860; x_wconf 76' lang='lat'>‘⁴</span> <span class='ocrx_word' id='word_1_58' title='bbox 174 822 268 889; x_wconf 89' lang='lat' dir='ltr'>nobis,</span> <span class='ocrx_word' id='word_1_59' title='bbox 284 821 441 880; x_wconf 85' lang='lat' dir='ltr'>Hannibali</span> <span class='ocrx_word' id='word_1_60' title='bbox 464 840 499 882; x_wconf 87' lang='lat' dir='ltr'>ac</span> <span class='ocrx_word' id='word_1_61' title='bbox 522 821 628 880; x_wconf 87' lang='lat' dir='ltr'>Poenis</span> <span class='ocrx_word' id='word_1_62' title='bbox 642 821 728 880; x_wconf 88' lang='lat' dir='ltr'>toties</span> <span class='ocrx_word' id='word_1_63' title='bbox 741 823 910 882; x_wconf 80' lang='lat' dir='ltr'>servaverint</span> <span class='ocrx_word' id='word_1_64' title='bbox 924 826 1046 902; x_wconf 76' lang='lat' dir='ltr'>majores</span> 
     </span>
     <span class='ocr_line' id='line_1_9' title="bbox 143 899 1074 978; baseline 0.008 -22"><span class='ocrx_word' id='word_1_65' title='bbox 143 907 162 936; x_wconf 84' lang='lat'>‘⁴</span> <span class='ocrx_word' id='word_1_66' title='bbox 175 899 275 956; x_wconf 83' lang='lat' dir='ltr'>nostri.</span> <span class='ocrx_word' id='word_1_67' title='bbox 288 899 348 968; x_wconf 86' lang='lat' dir='ltr'>sed,</span> <span class='ocrx_word' id='word_1_68' title='bbox 363 899 412 966; x_wconf 81' lang='lat' dir='ltr'>vir,</span> <span class='ocrx_word' id='word_1_69' title='bbox 427 918 462 958; x_wconf 89' lang='lat' dir='ltr'>ac</span> <span class='ocrx_word' id='word_1_70' title='bbox 474 919 540 959; x_wconf 88' lang='lat' dir='ltr'>vere</span> <span class='ocrx_word' id='word_1_71' title='bbox 558 899 716 968; x_wconf 85' lang='lat' dir='ltr'>Romanus,</span> <span class='ocrx_word' id='word_1_72' title='bbox 732 919 788 978; x_wconf 92' lang='lat' dir='ltr'>quo</span> <span class='ocrx_word' id='word_1_73' title='bbox 807 899 864 969; x_wconf 87' lang='lat' dir='ltr'>die,</span> <span class='ocrx_word' id='word_1_74' title='bbox 876 901 1047 962; x_wconf 84' lang='lat' dir='ltr'>dictatorem</span> <span class='ocrx_word' id='word_1_75' title='bbox 1069 925 1074 930; x_wconf 75' lang='grc'><strong><em>’</em></strong></span> 
     </span>
     <span class='ocr_line' id='line_1_10' title="bbox 143 977 1047 1056; baseline 0.004 -22"><span class='ocrx_word' id='word_1_76' title='bbox 143 985 162 1014; x_wconf 81' lang='grc'><strong>“</strong></span> <span class='ocrx_word' id='word_1_77' title='bbox 176 993 243 1034; x_wconf 86' lang='lat' dir='ltr'>enm</span> <span class='ocrx_word' id='word_1_78' title='bbox 267 995 304 1035; x_wconf 86' lang='lat' dir='ltr'>ex</span> <span class='ocrx_word' id='word_1_79' title='bbox 324 978 496 1036; x_wconf 85' lang='lat' dir='ltr'>auctoritate</span> <span class='ocrx_word' id='word_1_80' title='bbox 517 979 634 1038; x_wconf 78' lang='lat' dir='ltr'>Patrum</span> <span class='ocrx_word' id='word_1_81' title='bbox 652 981 792 1056; x_wconf 83' lang='lat' dir='ltr'>jussuque</span> <span class='ocrx_word' id='word_1_82' title='bbox 811 977 909 1054; x_wconf 90' lang='lat' dir='ltr'>populi</span> <span class='ocrx_word' id='word_1_83' title='bbox 928 979 1047 1048; x_wconf 88' lang='lat' dir='ltr'>dictum,</span> 
     </span>
     <span class='ocr_line' id='line_1_11' title="bbox 142 1053 1049 1146; baseline 0.003 -37"><span class='ocrx_word' id='word_1_84' title='bbox 142 1062 162 1094; x_wconf 78' lang='lat'>⁴⁴</span> <span class='ocrx_word' id='word_1_85' title='bbox 176 1053 265 1146; x_wconf 78' lang='lat' dir='ltr'>Vejos</span> <span class='ocrx_word' id='word_1_86' title='bbox 277 1055 397 1114; x_wconf 88' lang='lat' dir='ltr'>allatum</span> <span class='ocrx_word' id='word_1_87' title='bbox 410 1068 464 1124; x_wconf 85' lang='lat' dir='ltr'>est,</span> <span class='ocrx_word' id='word_1_88' title='bbox 479 1075 567 1132; x_wconf 84' lang='lat' dir='ltr'>quum</span> <span class='ocrx_word' id='word_1_89' title='bbox 579 1069 656 1116; x_wconf 89' lang='lat' dir='ltr'>esset</span> <span class='ocrx_word' id='word_1_90' title='bbox 676 1057 744 1115; x_wconf 85' lang='lat' dir='ltr'>satis</span> <span class='ocrx_word' id='word_1_91' title='bbox 764 1056 855 1114; x_wconf 88' lang='lat' dir='ltr'>altum</span> <span class='ocrx_word' id='word_1_92' title='bbox 874 1054 1049 1126; x_wconf 80' lang='lat' dir='ltr'>Janioulum,</span> 
     </span>
     <span class='ocr_line' id='line_1_12' title="bbox 143 1131 1049 1211; baseline 0.002 -21"><span class='ocrx_word' id='word_1_93' title='bbox 143 1139 163 1170; x_wconf 80' lang='lat'>‘¹</span> <span class='ocrx_word' id='word_1_94' title='bbox 175 1133 225 1190; x_wconf 90' lang='lat' dir='ltr'>ubr</span> <span class='ocrx_word' id='word_1_95' title='bbox 239 1133 341 1192; x_wconf 86' lang='lat' dir='ltr'>sedens</span> <span class='ocrx_word' id='word_1_96' title='bbox 354 1143 550 1211; x_wconf 78' lang='lat' dir='ltr'>prospectaret</span> <span class='ocrx_word' id='word_1_97' title='bbox 564 1133 685 1204; x_wconf 80' lang='lat' dir='ltr'>hostem,</span> <span class='ocrx_word' id='word_1_98' title='bbox 703 1133 852 1192; x_wconf 87' lang='lat' dir='ltr'>descendit</span> <span class='ocrx_word' id='word_1_99' title='bbox 865 1131 895 1190; x_wconf 91' lang='lat' dir='ltr'>in</span> <span class='ocrx_word' id='word_1_100' title='bbox 908 1149 1049 1210; x_wconf 83' lang='lat' dir='ltr'>aequum:</span> 
     </span>
     <span class='ocr_line' id='line_1_13' title="bbox 143 1211 1051 1288; baseline 0.003 -21"><span class='ocrx_word' id='word_1_101' title='bbox 143 1219 162 1248; x_wconf 76' lang='lat'>⁴⁴</span> <span class='ocrx_word' id='word_1_102' title='bbox 175 1220 262 1287; x_wconf 83' lang='lat' dir='ltr'>atque</span> <span class='ocrx_word' id='word_1_103' title='bbox 288 1211 337 1269; x_wconf 90' lang='lat' dir='ltr'>illo</span> <span class='ocrx_word' id='word_1_104' title='bbox 363 1211 425 1288; x_wconf 91' lang='lat' dir='ltr'>ipso</span> <span class='ocrx_word' id='word_1_105' title='bbox 452 1211 499 1270; x_wconf 90' lang='lat' dir='ltr'>die</span> <span class='ocrx_word' id='word_1_106' title='bbox 523 1211 618 1270; x_wconf 88' lang='lat' dir='ltr'>media</span> <span class='ocrx_word' id='word_1_107' title='bbox 639 1211 669 1270; x_wconf 91' lang='lat' dir='ltr'>iu</span> <span class='ocrx_word' id='word_1_108' title='bbox 693 1213 774 1279; x_wconf 88' lang='lat' dir='ltr'>urbe,</span> <span class='ocrx_word' id='word_1_109' title='bbox 788 1213 846 1288; x_wconf 73' lang='lat' dir='ltr'>qui</span> <span class='ocrx_word' id='word_1_110' title='bbox 866 1230 945 1270; x_wconf 87' lang='lat' dir='ltr'>nuuc</span> <span class='ocrx_word' id='word_1_111' title='bbox 964 1211 1051 1270; x_wconf 80' lang='lat' dir='ltr'>busta</span> 
     </span>
     <span class='ocr_line' id='line_1_14' title="bbox 142 1288 1048 1366; baseline 0.004 -20"><span class='ocrx_word' id='word_1_112' title='bbox 142 1293 163 1324; x_wconf 87' lang='lat'><strong>“</strong></span> <span class='ocrx_word' id='word_1_113' title='bbox 178 1288 292 1346; x_wconf 84' lang='lat' dir='ltr'>Gallica</span> <span class='ocrx_word' id='word_1_114' title='bbox 312 1299 387 1356; x_wconf 88' lang='lat' dir='ltr'>sunt,</span> <span class='ocrx_word' id='word_1_115' title='bbox 401 1301 431 1348; x_wconf 88' lang='lat' dir='ltr'>et</span> <span class='ocrx_word' id='word_1_116' title='bbox 444 1301 561 1366; x_wconf 87' lang='lat' dir='ltr'>postero</span> <span class='ocrx_word' id='word_1_117' title='bbox 573 1289 621 1348; x_wconf 81' lang='lat' dir='ltr'>die</span> <span class='ocrx_word' id='word_1_118' title='bbox 634 1290 706 1349; x_wconf 89' lang='lat' dir='ltr'>citra</span> <span class='ocrx_word' id='word_1_119' title='bbox 720 1289 840 1358; x_wconf 81' lang='lat' dir='ltr'>Gabios,</span> <span class='ocrx_word' id='word_1_120' title='bbox 858 1289 963 1350; x_wconf 85' lang='lat' dir='ltr'>cecidit</span> <span class='ocrx_word' id='word_1_121' title='bbox 977 1290 1048 1350; x_wconf 78' lang='lat' dir='ltr'>Gri-</span> 
     </span>
     <span class='ocr_line' id='line_1_15' title="bbox 143 1364 1048 1446; baseline 0.007 -24"><span class='ocrx_word' id='word_1_122' title='bbox 143 1374 162 1402; x_wconf 82' lang='grc'><strong>“</strong></span> <span class='ocrx_word' id='word_1_123' title='bbox 175 1364 269 1422; x_wconf 89' lang='lat' dir='ltr'>lorum</span> <span class='ocrx_word' id='word_1_124' title='bbox 281 1365 417 1442; x_wconf 61' lang='lat' dir='ltr'>leffl&#39;ones.</span> <span class='ocrx_word' id='word_1_125' title='bbox 457 1365 561 1433; x_wconf 82' lang='lat' dir='ltr'>Quid?</span> <span class='ocrx_word' id='word_1_126' title='bbox 580 1378 646 1444; x_wconf 86' lang='lat' dir='ltr'>post</span> <span class='ocrx_word' id='word_1_127' title='bbox 665 1367 771 1426; x_wconf 88' lang='lat' dir='ltr'>multos</span> <span class='ocrx_word' id='word_1_128' title='bbox 789 1385 888 1438; x_wconf 83' lang='lat' dir='ltr'>anuos,</span> <span class='ocrx_word' id='word_1_129' title='bbox 901 1388 989 1446; x_wconf 89' lang='lat' dir='ltr'>quum</span> <span class='ocrx_word' id='word_1_130' title='bbox 1009 1368 1048 1428; x_wconf 87' lang='lat' dir='ltr'>ad</span> 
     </span>
     <span class='ocr_line' id='line_1_16' title="bbox 143 1441 1047 1522; baseline 0.008 -23"><span class='ocrx_word' id='word_1_131' title='bbox 143 1450 163 1480; x_wconf 76' lang='lat'>⁴⁴</span> <span class='ocrx_word' id='word_1_132' title='bbox 173 1441 300 1503; x_wconf 83' lang='lat' dir='ltr'>frnculas</span> <span class='ocrx_word' id='word_1_133' title='bbox 312 1442 458 1504; x_wconf 87' lang='lat' dir='ltr'>Caudinas</span> <span class='ocrx_word' id='word_1_134' title='bbox 471 1446 509 1502; x_wconf 90' lang='lat' dir='ltr'>ab</span> <span class='ocrx_word' id='word_1_135' title='bbox 525 1444 654 1506; x_wconf 75' lang='lat' dir='ltr'>Samnite</span> <span class='ocrx_word' id='word_1_136' title='bbox 676 1445 761 1503; x_wconf 87' lang='lat' dir='ltr'>hoste</span> <span class='ocrx_word' id='word_1_137' title='bbox 781 1445 838 1504; x_wconf 87' lang='lat' dir='ltr'>sub&#39;</span> <span class='ocrx_word' id='word_1_138' title='bbox 854 1448 955 1522; x_wconf 86' lang='lat' dir='ltr'>jugum</span> <span class='ocrx_word' id='word_1_139' title='bbox 968 1446 1047 1506; x_wconf 86' lang='lat' dir='ltr'>missi</span> 
     </span>
     <span class='ocr_line' id='line_1_17' title="bbox 143 1521 1048 1600; baseline 0.001 -21"><span class='ocrx_word' id='word_1_140' title='bbox 143 1529 162 1558; x_wconf 78' lang='lat'>⁴⁸</span> <span class='ocrx_word' id='word_1_141' title='bbox 176 1539 283 1590; x_wconf 87' lang='lat' dir='ltr'>sumus,</span> <span class='ocrx_word' id='word_1_142' title='bbox 298 1533 395 1579; x_wconf 90' lang='lat' dir='ltr'>utrum</span> <span class='ocrx_word' id='word_1_143' title='bbox 414 1522 532 1580; x_wconf 86' lang='lat' dir='ltr'>tandem</span> <span class='ocrx_word' id='word_1_144' title='bbox 546 1521 583 1578; x_wconf 88' lang='lat' dir='ltr'>L.</span> <span class='ocrx_word' id='word_1_145' title='bbox 597 1521 726 1598; x_wconf 80' lang='lat' dir='ltr'><strong>Papirius</strong></span> <span class='ocrx_word' id='word_1_146' title='bbox 740 1522 847 1582; x_wconf 81' lang='lat' dir='ltr'>Cursor</span> <span class='ocrx_word' id='word_1_147' title='bbox 855 1525 927 1600; x_wconf 81' lang='lat' dir='ltr'>juga</span> <span class='ocrx_word' id='word_1_148' title='bbox 939 1522 1048 1582; x_wconf 86' lang='lat' dir='ltr'>Samnii</span> 
     </span>
     <span class='ocr_line' id='line_1_18' title="bbox 141 1597 1047 1678; baseline 0.004 -22"><span class='ocrx_word' id='word_1_149' title='bbox 141 1607 162 1636; x_wconf 78' lang='lat'>⁴⁴</span> <span class='ocrx_word' id='word_1_150' title='bbox 175 1597 438 1675; x_wconf 71' lang='lat' dir='ltr'>perlustrando,&#39;an</span> <span class='ocrx_word' id='word_1_151' title='bbox 463 1597 616 1656; x_wconf 75' lang='lat' dir='ltr'>Luceriam</span> <span class='ocrx_word' id='word_1_152' title='bbox 639 1599 796 1674; x_wconf 89' lang='lat' dir='ltr'>premendo</span> <span class='ocrx_word' id='word_1_153' title='bbox 821 1600 1047 1678; x_wconf 81' lang='lat' dir='ltr'>obsidendoque,</span> 
     </span>
     <span class='ocr_line' id='line_1_19' title="bbox 142 1675 1048 1767; baseline 0.003 -33"><span class='ocrx_word' id='word_1_154' title='bbox 142 1683 162 1712; x_wconf 84' lang='lat'>“</span> <span class='ocrx_word' id='word_1_155' title='bbox 175 1687 206 1734; x_wconf 92' lang='lat' dir='ltr'>et</span> <span class='ocrx_word' id='word_1_156' title='bbox 229 1675 395 1734; x_wconf 89' lang='lat' dir='ltr'>lacessendo</span> <span class='ocrx_word' id='word_1_157' title='bbox 415 1676 552 1734; x_wconf 90' lang='lat' dir='ltr'>victorem</span> <span class='ocrx_word' id='word_1_158' title='bbox 573 1675 696 1746; x_wconf 89' lang='lat' dir='ltr'>bostem,</span> <span class='ocrx_word' id='word_1_159' title='bbox 717 1676 869 1767; x_wconf 86' lang='lat' dir='ltr'>depulsum</span> <span class='ocrx_word' id='word_1_160' title='bbox 888 1679 925 1736; x_wconf 89' lang='lat' dir='ltr'>ab</span> <span class='ocrx_word' id='word_1_161' title='bbox 940 1677 1048 1736; x_wconf 86' lang='lat' dir='ltr'>Roma-</span> 
     </span>
     <span class='ocr_line' id='line_1_20' title="bbox 142 1753 1049 1832; baseline 0 -20"><span class='ocrx_word' id='word_1_162' title='bbox 142 1761 162 1790; x_wconf 78' lang='lat'>⁴⁴</span> <span class='ocrx_word' id='word_1_163' title='bbox 175 1753 219 1812; x_wconf 88' lang='lat' dir='ltr'>nis</span> <span class='ocrx_word' id='word_1_164' title='bbox 232 1753 390 1813; x_wconf 87' lang='lat' dir='ltr'>cervicibus</span> <span class='ocrx_word' id='word_1_165' title='bbox 400 1755 503 1830; x_wconf 72' lang='lat' dir='ltr'>jtgum</span> <span class='ocrx_word' id='word_1_166' title='bbox 522 1754 647 1830; x_wconf 89' lang='lat' dir='ltr'>superbo</span> <span class='ocrx_word' id='word_1_167' title='bbox 667 1754 788 1814; x_wconf 83' lang='lat' dir='ltr'>Samnrti</span> <span class='ocrx_word' id='word_1_168' title='bbox 801 1753 1049 1832; x_wconf 79' lang='lat' dir='ltr'>imposuitP=Mo=</span> 
     </span>
     <span class='ocr_line' id='line_1_21' title="bbox 142 1830 1049 1909; baseline 0.002 -21"><span class='ocrx_word' id='word_1_169' title='bbox 142 1838 161 1868; x_wconf 76' lang='lat'>‘⁴</span> <span class='ocrx_word' id='word_1_170' title='bbox 174 1831 213 1889; x_wconf 88' lang='lat' dir='ltr'>do</span> <span class='ocrx_word' id='word_1_171' title='bbox 227 1832 262 1890; x_wconf 89' lang='lat' dir='ltr'>C.</span> <span class='ocrx_word' id='word_1_172' title='bbox 275 1830 393 1888; x_wconf 87' lang='lat' dir='ltr'>Lutatio</span> <span class='ocrx_word' id='word_1_173' title='bbox 414 1849 486 1908; x_wconf 91' lang='lat' dir='ltr'>quae</span> <span class='ocrx_word' id='word_1_174' title='bbox 509 1831 565 1889; x_wconf 88' lang='lat' dir='ltr'>alia</span> <span class='ocrx_word' id='word_1_175' title='bbox 588 1849 643 1902; x_wconf 85' lang='lat' dir='ltr'>res,</span> <span class='ocrx_word' id='word_1_176' title='bbox 667 1850 753 1909; x_wconf 89' lang='lat' dir='ltr'>quam</span> <span class='ocrx_word' id='word_1_177' title='bbox 773 1831 915 1900; x_wconf 79' lang='lat' dir='ltr'>celeritas,</span> <span class='ocrx_word' id='word_1_178' title='bbox 935 1832 1049 1892; x_wconf 78' lang='lat' dir='ltr'>victori·</span> 
     </span>
     <span class='ocr_line' id='line_1_22' title="bbox 141 1903 1057 1986; baseline 0.003 -21"><span class='ocrx_word' id='word_1_179' title='bbox 141 1916 162 1948; x_wconf 80' lang='lat'>“</span> <span class='ocrx_word' id='word_1_180' title='bbox 176 1926 224 1965; x_wconf 85' lang='lat' dir='ltr'>am</span> <span class='ocrx_word' id='word_1_181' title='bbox 244 1907 344 1968; x_wconf 79' lang='lat' dir='ltr'>dediti</span> <span class='ocrx_word' id='word_1_182' title='bbox 366 1908 443 1986; x_wconf 88' lang='lat' dir='ltr'>quod</span> <span class='ocrx_word' id='word_1_183' title='bbox 457 1919 571 1984; x_wconf 82' lang='lat' dir='ltr'>postero</span> <span class='ocrx_word' id='word_1_184' title='bbox 585 1909 641 1978; x_wconf 89' lang='lat' dir='ltr'>die,</span> <span class='ocrx_word' id='word_1_185' title='bbox 656 1929 741 1986; x_wconf 91' lang='lat' dir='ltr'>quam</span> <span class='ocrx_word' id='word_1_186' title='bbox 755 1910 868 1970; x_wconf 88' lang='lat' dir='ltr'>hostem</span> <span class='ocrx_word' id='word_1_187' title='bbox 882 1908 963 1976; x_wconf 73' lang='lat' dir='ltr'>vidit,</span> <span class='ocrx_word' id='word_1_188' title='bbox 975 1903 1057 1968; x_wconf 81' lang='lat' dir='ltr'>olas·¹</span> 
     </span>
     <span class='ocr_line' id='line_1_23' title="bbox 143 1985 1049 2065; baseline 0.004 -23"><span class='ocrx_word' id='word_1_189' title='bbox 143 1995 162 2024; x_wconf 78' lang='lat'>¹⁴</span> <span class='ocrx_word' id='word_1_190' title='bbox 176 2003 240 2042; x_wconf 84' lang='lat' dir='ltr'>sem</span> <span class='ocrx_word' id='word_1_191' title='bbox 262 2003 376 2062; x_wconf 81' lang='lat' dir='ltr'>gravem</span> <span class='ocrx_word' id='word_1_192' title='bbox 401 1985 617 2054; x_wconf 84' lang='lat' dir='ltr'>commeatibus,</span> <span class='ocrx_word' id='word_1_193' title='bbox 637 1986 804 2063; x_wconf 85' lang='lat' dir='ltr'>impeditam</span> <span class='ocrx_word' id='word_1_194' title='bbox 823 1998 936 2048; x_wconf 85' lang='lat' dir='ltr'>suomet</span> <span class='ocrx_word' id='word_1_195' title='bbox 955 1987 1049 2065; x_wconf 85' lang='lat' dir='ltr'>ipsam</span> 
     </span>
     <span class='ocr_line' id='line_1_24' title="bbox 142 2064 1045 2141; baseline 0.008 -22"><span class='ocrx_word' id='word_1_196' title='bbox 142 2073 163 2102; x_wconf 83' lang='lat'>“</span> <span class='ocrx_word' id='word_1_197' title='bbox 176 2064 467 2140; x_wconf 77' lang='lat' dir='ltr'>instrumentoatque</span> <span class='ocrx_word' id='word_1_198' title='bbox 487 2072 635 2140; x_wconf 86' lang='lat' dir='ltr'>apparatu,</span> <span class='ocrx_word' id='word_1_199' title='bbox 655 2065 804 2141; x_wconf 83' lang='lat' dir='ltr'>oppressit.</span> <span class='ocrx_word' id='word_1_200' title='bbox 844 2065 972 2124; x_wconf 84' lang='lat' dir='ltr'>Stultitia</span> <span class='ocrx_word' id='word_1_201' title='bbox 992 2077 1045 2136; x_wconf 83' lang='lat' dir='ltr'>est,</span> 
     </span>
     <span class='ocr_line' id='line_1_25' title="bbox 142 2139 1047 2218; baseline 0 -16"><span class='ocrx_word' id='word_1_202' title='bbox 142 2139 303 2202; x_wconf 81' lang='lat' dir='ltr'>“sedendo</span> <span class='ocrx_word' id='word_1_203' title='bbox 323 2149 374 2198; x_wconf 82' lang='lat' dir='ltr'>sut</span> <span class='ocrx_word' id='word_1_204' title='bbox 395 2141 468 2198; x_wconf 85' lang='lat' dir='ltr'>votis</span> <span class='ocrx_word' id='word_1_205' title='bbox 492 2139 629 2198; x_wconf 85' lang='lat' dir='ltr'>debellari</span> <span class='ocrx_word' id='word_1_206' title='bbox 641 2139 759 2200; x_wconf 87' lang='lat' dir='ltr'>credere</span> <span class='ocrx_word' id='word_1_207' title='bbox 775 2159 869 2218; x_wconf 84' lang='lat' dir='ltr'>possa.</span> <span class='ocrx_word' id='word_1_208' title='bbox 882 2143 985 2200; x_wconf 86' lang='lat' dir='ltr'>armari</span> <span class='ocrx_word' id='word_1_209' title='bbox 998 2161 1047 2202; x_wconf 89' lang='lat' dir='ltr'>oo·</span> 
     </span>
     <span class='ocr_line' id='line_1_26' title="bbox 141 2217 1107 2310; baseline 0.004 -34"><span class='ocrx_word' id='word_1_210' title='bbox 141 2218 237 2295; x_wconf 83' lang='lat' dir='ltr'>“pias</span> <span class='ocrx_word' id='word_1_211' title='bbox 257 2230 379 2295; x_wconf 89' lang='lat' dir='ltr'>oportet,</span> <span class='ocrx_word' id='word_1_212' title='bbox 400 2217 585 2310; x_wconf 57' lang='lat' dir='ltr'>Mucendas</span> <span class='ocrx_word' id='word_1_213' title='bbox 602 2217 632 2276; x_wconf 91' lang='lat' dir='ltr'>in</span> <span class='ocrx_word' id='word_1_214' title='bbox 653 2233 788 2296; x_wconf 84' lang='lat' dir='ltr'>aequum,</span> <span class='ocrx_word' id='word_1_215' title='bbox 808 2231 841 2277; x_wconf 90' lang='lat' dir='ltr'>ut</span> <span class='ocrx_word' id='word_1_216' title='bbox 853 2219 896 2276; x_wconf 87' lang='lat' dir='ltr'>vir</span> <span class='ocrx_word' id='word_1_217' title='bbox 908 2238 975 2281; x_wconf 84' lang='lat' dir='ltr'>oum</span> <span class='ocrx_word' id='word_1_218' title='bbox 988 2220 1047 2280; x_wconf 79' lang='lat' dir='ltr'>viro</span> <span class='ocrx_word' id='word_1_219' title='bbox 1104 2242 1107 2247; x_wconf 93' lang='lat'>·</span> 
     </span>
    </p>
   </div>
   <div class='ocr_carea' id='block_1_3' title="bbox 50 2295 1049 2374">
    <p class='ocr_par' dir='ltr' id='par_1_3' title="bbox 50 2295 1049 2374">
     <span class='ocr_line' id='line_1_27' title="bbox 50 2295 1049 2374; baseline -0.002 -16"><span class='ocrx_word' id='word_1_220' title='bbox 50 2346 54 2358; x_wconf 90' lang='lat'>.</span> <span class='ocrx_word' id='word_1_221' title='bbox 142 2305 162 2334; x_wconf 78' lang='lat'>⁴¹</span> <span class='ocrx_word' id='word_1_222' title='bbox 175 2296 375 2372; x_wconf 83' lang='lat' dir='ltr'>congrediaris.</span> <span class='ocrx_word' id='word_1_223' title='bbox 410 2295 562 2357; x_wconf 47' lang='lat' dir='ltr'>*Audendo</span> <span class='ocrx_word' id='word_1_224' title='bbox 589 2305 676 2373; x_wconf 90' lang='lat' dir='ltr'>atque</span> <span class='ocrx_word' id='word_1_225' title='bbox 701 2296 814 2374; x_wconf 89' lang='lat' dir='ltr'>agendo</span> <span class='ocrx_word' id='word_1_226' title='bbox 841 2313 887 2356; x_wconf 90' lang='lat' dir='ltr'>res</span> <span class='ocrx_word' id='word_1_227' title='bbox 914 2296 1049 2358; x_wconf 85' lang='lat' dir='ltr'>Romans</span> 
     </span>
    </p>
   </div>
   <div class='ocr_carea' id='block_1_4' title="bbox 138 2374 1048 2512">
    <p class='ocr_par' dir='ltr' id='par_1_4' title="bbox 138 2374 1048 2512">
     <span class='ocr_line' id='line_1_28' title="bbox 138 2374 1048 2452; baseline 0 -20"><span class='ocrx_word' id='word_1_228' title='bbox 138 2383 163 2414; x_wconf 34' lang='lat'>&#39;⁴‘</span> <span class='ocrx_word' id='word_1_229' title='bbox 177 2374 274 2444; x_wconf 79' lang='lat' dir='ltr'>crevit,</span> <span class='ocrx_word' id='word_1_230' title='bbox 293 2391 352 2432; x_wconf 90' lang='lat' dir='ltr'>non</span> <span class='ocrx_word' id='word_1_231' title='bbox 371 2375 416 2432; x_wconf 89' lang='lat' dir='ltr'>his</span> <span class='ocrx_word' id='word_1_232' title='bbox 436 2375 572 2450; x_wconf 83' lang='lat' dir='ltr'>segnibus</span> <span class='ocrx_word' id='word_1_233' title='bbox 592 2374 726 2444; x_wconf 91' lang='lat' dir='ltr'>consiliis,</span> <span class='ocrx_word' id='word_1_234' title='bbox 748 2394 822 2452; x_wconf 89' lang='lat' dir='ltr'>quae</span> <span class='ocrx_word' id='word_1_235' title='bbox 846 2374 937 2434; x_wconf 89' lang='lat' dir='ltr'>timidi</span> <span class='ocrx_word' id='word_1_236' title='bbox 960 2386 1048 2434; x_wconf 83' lang='lat' dir='ltr'>cauta</span> 
     </span>
     <span class='ocr_line' id='line_1_29' title="bbox 141 2449 1048 2512; baseline 0 -4"><span class='ocrx_word' id='word_1_237' title='bbox 141 2459 162 2490; x_wconf 76' lang='lat'>⁴⁴</span> <span class='ocrx_word' id='word_1_238' title='bbox 175 2449 305 2511; x_wconf 64' lang='lat' dir='ltr'>rocantl’</span> <span class='ocrx_word' id='word_1_239' title='bbox 346 2453 431 2510; x_wconf 90' lang='lat' dir='ltr'>Haec</span> <span class='ocrx_word' id='word_1_240' title='bbox 454 2453 533 2510; x_wconf 89' lang='lat' dir='ltr'>velut</span> <span class='ocrx_word' id='word_1_241' title='bbox 559 2451 740 2512; x_wconf 86' lang='lat' dir='ltr'>concionanti</span> <span class='ocrx_word' id='word_1_242' title='bbox 768 2449 900 2512; x_wconf 88' lang='lat' dir='ltr'>Minucio</span> <span class='ocrx_word' id='word_1_243' title='bbox 926 2452 1048 2510; x_wconf 89' lang='lat' dir='ltr'>circum·</span> 
     </span>
    </p>
   </div>
   <div class='ocr_carea' id='block_1_5' title="bbox 133 2526 1146 2606">
    <p class='ocr_par' dir='ltr' id='par_1_5' title="bbox 133 2526 1146 2606">
     <span class='ocr_line' id='line_1_30' title="bbox 133 2526 1146 2606; baseline -0.003 -18"><span class='ocrx_word' id='word_1_244' title='bbox 133 2529 318 2588; x_wconf 69' lang='lat' dir='ltr'>fundebatur</span> <span class='ocrx_word' id='word_1_245' title='bbox 330 2530 509 2588; x_wconf 87' lang='lat' dir='ltr'>tribunorum</span> <span class='ocrx_word' id='word_1_246' title='bbox 523 2528 709 2606; x_wconf 89' lang='lat' dir='ltr'>equitumque</span> <span class='ocrx_word' id='word_1_247' title='bbox 730 2529 930 2586; x_wconf 88' lang='lat' dir='ltr'>Romanorum</span> <span class='ocrx_word' id='word_1_248' title='bbox 953 2526 1049 2585; x_wconf 86' lang='lat' dir='ltr'>multi·</span> <span class='ocrx_word' id='word_1_249' title='bbox 1142 2591 1146 2596; x_wconf 55' lang='grc'><strong>,</strong></span> 
     </span>
    </p>
   </div>
   <div class='ocr_carea' id='block_1_6' title="bbox 126 2603 1052 3305">
    <p class='ocr_par' dir='ltr' id='par_1_6' title="bbox 126 2603 1048 2838">
     <span class='ocr_line' id='line_1_31' title="bbox 126 2603 1048 2682; baseline -0.003 -17"><span class='ocrx_word' id='word_1_250' title='bbox 126 2606 225 2674; x_wconf 83' lang='lat' dir='ltr'>tudo,</span> <span class='ocrx_word' id='word_1_251' title='bbox 239 2605 327 2664; x_wconf 85' lang='lat' dir='ltr'>etad</span> <span class='ocrx_word' id='word_1_252' title='bbox 349 2624 432 2662; x_wconf 88' lang='lat' dir='ltr'>aures</span> <span class='ocrx_word' id='word_1_253' title='bbox 453 2622 567 2682; x_wconf 89' lang='lat' dir='ltr'>qnoque</span> <span class='ocrx_word' id='word_1_254' title='bbox 589 2606 712 2664; x_wconf 90' lang='lat' dir='ltr'>militum</span> <span class='ocrx_word' id='word_1_255' title='bbox 733 2605 811 2664; x_wconf 86' lang='lat' dir='ltr'>dicta</span> <span class='ocrx_word' id='word_1_256' title='bbox 830 2603 937 2664; x_wconf 82' lang='lat' dir='ltr'>ferocia</span> <span class='ocrx_word' id='word_1_257' title='bbox 954 2603 1048 2678; x_wconf 77' lang='lat' dir='ltr'>rolve-</span> 
     </span>
     <span class='ocr_line' id='line_1_32' title="bbox 140 2680 1047 2758; baseline 0.003 -15"><span class='ocrx_word' id='word_1_258' title='bbox 140 2686 268 2743; x_wconf 85' lang='lat' dir='ltr'>bantur:</span> <span class='ocrx_word' id='word_1_259' title='bbox 288 2699 334 2749; x_wconf 88' lang='lat' dir='ltr'>ac,</span> <span class='ocrx_word' id='word_1_260' title='bbox 356 2683 378 2741; x_wconf 90' lang='lat' dir='ltr'>si</span> <span class='ocrx_word' id='word_1_261' title='bbox 402 2681 530 2740; x_wconf 88' lang='lat' dir='ltr'>militaris</span> <span class='ocrx_word' id='word_1_262' title='bbox 550 2681 675 2758; x_wconf 84' lang='lat' dir='ltr'>suffragii</span> <span class='ocrx_word' id='word_1_263' title='bbox 694 2701 740 2740; x_wconf 86' lang='lat' dir='ltr'>res</span> <span class='ocrx_word' id='word_1_264' title='bbox 760 2693 844 2750; x_wconf 86' lang='lat' dir='ltr'>esset,</span> <span class='ocrx_word' id='word_1_265' title='bbox 864 2680 1047 2746; x_wconf 84' lang='lat' dir='ltr'>hauddubie</span> 
     </span>
     <span class='ocr_line' id='line_1_33' title="bbox 139 2758 842 2838; baseline -0.004 -17"><span class='ocrx_word' id='word_1_266' title='bbox 139 2762 282 2828; x_wconf 82' lang='lat' dir='ltr'>ferebant,</span> <span class='ocrx_word' id='word_1_267' title='bbox 298 2760 460 2820; x_wconf 90' lang='lat' dir='ltr'>Minucium</span> <span class='ocrx_word' id='word_1_268' title='bbox 470 2758 564 2818; x_wconf 80' lang='lat' dir='ltr'>¹Fabio</span> <span class='ocrx_word' id='word_1_269' title='bbox 577 2758 644 2818; x_wconf 88' lang='lat' dir='ltr'>duci</span> <span class='ocrx_word' id='word_1_270' title='bbox 656 2759 842 2838; x_wconf 87' lang='lat' dir='ltr'>praelaturos.</span> 
     </span>
    </p>

    <p class='ocr_par' dir='ltr' id='par_1_7' title="bbox 136 2838 1052 3305">
     <span class='ocr_line' id='line_1_34' title="bbox 137 2838 1048 2918; baseline 0.004 -21"><span class='ocrx_word' id='word_1_271' title='bbox 137 2855 139 2869; x_wconf 89' lang='grc'><strong><em>·</em></strong></span> <span class='ocrx_word' id='word_1_272' title='bbox 181 2839 248 2897; x_wconf 90' lang='lat' dir='ltr'>XV.</span> <span class='ocrx_word' id='word_1_273' title='bbox 267 2840 389 2900; x_wconf 76' lang='lat' dir='ltr'>Fatuus</span> <span class='ocrx_word' id='word_1_274' title='bbox 409 2839 524 2917; x_wconf 89' lang='lat' dir='ltr'>pariter,</span> <span class='ocrx_word' id='word_1_275' title='bbox 544 2839 575 2896; x_wconf 90' lang='lat' dir='ltr'>in</span> <span class='ocrx_word' id='word_1_276' title='bbox 595 2857 662 2896; x_wconf 91' lang='lat' dir='ltr'>suos</span> <span class='ocrx_word' id='word_1_277' title='bbox 681 2838 764 2896; x_wconf 85' lang='lat' dir='ltr'>haud</span> <span class='ocrx_word' id='word_1_278' title='bbox 786 2839 880 2898; x_wconf 86' lang='lat' dir='ltr'>miuus</span> <span class='ocrx_word' id='word_1_279' title='bbox 905 2858 992 2918; x_wconf 89' lang='lat' dir='ltr'>quam</span> <span class='ocrx_word' id='word_1_280' title='bbox 1017 2841 1048 2902; x_wconf 87' lang='lat' dir='ltr'>in</span> 
     </span>
     <span class='ocr_line' id='line_1_35' title="bbox 141 2916 1047 2996; baseline 0.001 -21"><span class='ocrx_word' id='word_1_281' title='bbox 141 2919 241 2976; x_wconf 86' lang='lat' dir='ltr'>hostes</span> <span class='ocrx_word' id='word_1_282' title='bbox 254 2918 390 2987; x_wconf 87' lang='lat' dir='ltr'>intentus,</span> <span class='ocrx_word' id='word_1_283' title='bbox 404 2918 484 2995; x_wconf 88' lang='lat' dir='ltr'>prius</span> <span class='ocrx_word' id='word_1_284' title='bbox 495 2917 532 2974; x_wconf 89' lang='lat' dir='ltr'>ab</span> <span class='ocrx_word' id='word_1_285' title='bbox 546 2917 601 2975; x_wconf 89' lang='lat' dir='ltr'>illis</span> <span class='ocrx_word' id='word_1_286' title='bbox 617 2916 754 2976; x_wconf 90' lang='lat' dir='ltr'>invictum</span> <span class='ocrx_word' id='word_1_287' title='bbox 773 2918 899 2976; x_wconf 88' lang='lat' dir='ltr'>animum</span> <span class='ocrx_word' id='word_1_288' title='bbox 912 2931 1047 2996; x_wconf 85' lang='lat' dir='ltr'>praestat.</span> 
     </span>
     <span class='ocr_line' id='line_1_36' title="bbox 141 2994 1049 3074; baseline 0 -20"><span class='ocrx_word' id='word_1_289' title='bbox 141 3014 305 3074; x_wconf 87' lang='lat' dir='ltr'>quanquam</span> <span class='ocrx_word' id='word_1_290' title='bbox 319 2997 410 3074; x_wconf 87' lang='lat' dir='ltr'>probo</span> <span class='ocrx_word' id='word_1_291' title='bbox 433 2995 496 3062; x_wconf 89' lang='lat' dir='ltr'>scit,</span> <span class='ocrx_word' id='word_1_292' title='bbox 516 3014 574 3054; x_wconf 90' lang='lat' dir='ltr'>uon</span> <span class='ocrx_word' id='word_1_293' title='bbox 587 2997 617 3053; x_wconf 92' lang='lat' dir='ltr'>in</span> <span class='ocrx_word' id='word_1_294' title='bbox 631 2995 730 3053; x_wconf 84' lang='lat' dir='ltr'>castris</span> <span class='ocrx_word' id='word_1_295' title='bbox 744 2994 829 3052; x_wconf 92' lang='lat' dir='ltr'>modo</span> <span class='ocrx_word' id='word_1_296' title='bbox 843 2995 910 3064; x_wconf 87' lang='lat' dir='ltr'>suis,</span> <span class='ocrx_word' id='word_1_297' title='bbox 925 2996 976 3054; x_wconf 87' lang='lat' dir='ltr'>sed</span> <span class='ocrx_word' id='word_1_298' title='bbox 987 3000 1049 3072; x_wconf 80' lang='lat' dir='ltr'>jam</span> 
     </span>
     <span class='ocr_line' id='line_1_37' title="bbox 136 3071 1049 3142; baseline 0.001 -9"><span class='ocrx_word' id='word_1_299' title='bbox 136 3073 232 3133; x_wconf 87' lang='lat' dir='ltr'>etiarn</span> <span class='ocrx_word' id='word_1_300' title='bbox 248 3073 366 3142; x_wconf 87' lang='lat' dir='ltr'>Romae,</span> <span class='ocrx_word' id='word_1_301' title='bbox 387 3071 523 3130; x_wconf 87' lang='lat' dir='ltr'>infamem</span> <span class='ocrx_word' id='word_1_302' title='bbox 546 3091 628 3132; x_wconf 89' lang='lat' dir='ltr'>suam</span> <span class='ocrx_word' id='word_1_303' title='bbox 648 3071 860 3132; x_wconf 89' lang='lat' dir='ltr'>cunctationem</span> <span class='ocrx_word' id='word_1_304' title='bbox 873 3091 946 3141; x_wconf 84' lang='lat' dir='ltr'>esse,</span> <span class='ocrx_word' id='word_1_305' title='bbox 960 3074 1049 3134; x_wconf 88' lang='lat' dir='ltr'>obsti·</span> 
     </span>
     <span class='ocr_line' id='line_1_38' title="bbox 140 3149 1051 3224; baseline -0.002 -14"><span class='ocrx_word' id='word_1_306' title='bbox 140 3161 230 3210; x_wconf 87' lang='lat' dir='ltr'>natus</span> <span class='ocrx_word' id='word_1_307' title='bbox 247 3161 342 3209; x_wconf 84' lang='lat' dir='ltr'>tamen</span> <span class='ocrx_word' id='word_1_308' title='bbox 357 3150 460 3210; x_wconf 87' lang='lat' dir='ltr'>eodem</span> <span class='ocrx_word' id='word_1_309' title='bbox 475 3149 656 3209; x_wconf 87' lang='lat' dir='ltr'>consiliorum</span> <span class='ocrx_word' id='word_1_310' title='bbox 671 3162 770 3210; x_wconf 84' lang='lat' dir='ltr'>tenore</span> <span class='ocrx_word' id='word_1_311' title='bbox 780 3150 897 3210; x_wconf 66' lang='lat' dir='ltr'>aestans</span> <span class='ocrx_word' id='word_1_312' title='bbox 909 3149 1051 3224; x_wconf 87' lang='lat' dir='ltr'>reliquum</span> 
     </span>
     <span class='ocr_line' id='line_1_39' title="bbox 142 3226 1052 3305; baseline -0.013 -16"><span class='ocrx_word' id='word_1_313' title='bbox 142 3226 292 3289; x_wconf 82' lang='lat' dir='ltr'>extraxit:</span> <span class='ocrx_word' id='word_1_314' title='bbox 319 3239 351 3286; x_wconf 89' lang='lat' dir='ltr'>ut</span> <span class='ocrx_word' id='word_1_315' title='bbox 374 3227 533 3294; x_wconf 86' lang='lat' dir='ltr'>Hannibal,</span> <span class='ocrx_word' id='word_1_316' title='bbox 558 3227 710 3286; x_wconf 85' lang='lat' dir='ltr'>destitutus</span> <span class='ocrx_word' id='word_1_317' title='bbox 734 3227 771 3288; x_wconf 91' lang='lat' dir='ltr'>ab</span> <span class='ocrx_word' id='word_1_318' title='bbox 795 3248 847 3305; x_wconf 84' lang='lat' dir='ltr'>spe</span> <span class='ocrx_word' id='word_1_319' title='bbox 870 3239 1052 3295; x_wconf 82' lang='lat' dir='ltr'>summopore</span> 
     </span>
    </p>
   </div>
   <div class='ocr_carea' id='block_1_7' title="bbox 142 3303 1057 3540">
    <p class='ocr_par' dir='ltr' id='par_1_8' title="bbox 142 3303 1057 3540">
     <span class='ocr_line' id='line_1_40' title="bbox 142 3303 1054 3386; baseline -0.011 -20"><span class='ocrx_word' id='word_1_320' title='bbox 142 3305 227 3386; x_wconf 85' lang='lat' dir='ltr'>petiti</span> <span class='ocrx_word' id='word_1_321' title='bbox 248 3305 420 3376; x_wconf 85' lang='lat' dir='ltr'>certaminis,</span> <span class='ocrx_word' id='word_1_322' title='bbox 440 3308 500 3382; x_wconf 71' lang='lat' dir='ltr'>iam</span> <span class='ocrx_word' id='word_1_323' title='bbox 521 3303 646 3364; x_wconf 88' lang='lat' dir='ltr'>hibernis</span> <span class='ocrx_word' id='word_1_324' title='bbox 666 3309 763 3364; x_wconf 89' lang='lat' dir='ltr'>locum</span> <span class='ocrx_word' id='word_1_325' title='bbox 782 3307 1054 3372; x_wconf 72' lang='lat' dir='ltr'>circumspectaret,</span> 
     </span>
     <span class='ocr_line' id='line_1_41' title="bbox 143 3379 1053 3462; baseline -0.018 -17"><span class='ocrx_word' id='word_1_326' title='bbox 143 3385 210 3462; x_wconf 88' lang='lat' dir='ltr'>quia</span> <span class='ocrx_word' id='word_1_327' title='bbox 220 3401 262 3444; x_wconf 84' lang='lat' dir='ltr'>ea</span> <span class='ocrx_word' id='word_1_328' title='bbox 274 3382 355 3459; x_wconf 79' lang='lat' dir='ltr'>regio</span> <span class='ocrx_word' id='word_1_329' title='bbox 368 3379 527 3460; x_wconf 85' lang='lat' dir='ltr'>praesentis</span> <span class='ocrx_word' id='word_1_330' title='bbox 539 3394 600 3442; x_wconf 89' lang='lat' dir='ltr'>erat</span> <span class='ocrx_word' id='word_1_331' title='bbox 613 3385 722 3461; x_wconf 87' lang='lat' dir='ltr'>copiae,</span> <span class='ocrx_word' id='word_1_332' title='bbox 742 3401 801 3439; x_wconf 90' lang='lat' dir='ltr'>non</span> <span class='ocrx_word' id='word_1_333' title='bbox 822 3379 986 3454; x_wconf 60' lang='lat' dir='ltr'>perpetpw·</span> <span class='ocrx_word' id='word_1_334' title='bbox 1008 3386 1053 3430; x_wconf 77' lang='lat' dir='ltr'>sr-</span> 
     </span>
     <span class='ocr_line' id='line_1_42' title="bbox 143 3455 1057 3540; baseline -0.01 -18"><span class='ocrx_word' id='word_1_335' title='bbox 143 3459 231 3526; x_wconf 77' lang='lat' dir='ltr'>uisu</span> <span class='ocrx_word' id='word_1_336' title='bbox 242 3461 411 3540; x_wconf 74' lang='lat' dir='ltr'>vineaeque,</span> <span class='ocrx_word' id='word_1_337' title='bbox 425 3471 455 3520; x_wconf 89' lang='lat' dir='ltr'>et</span> <span class='ocrx_word' id='word_1_338' title='bbox 469 3459 580 3523; x_wconf 87' lang='lat' dir='ltr'>consita</span> <span class='ocrx_word' id='word_1_339' title='bbox 592 3461 689 3522; x_wconf 84' lang='lat' dir='ltr'>omnia</span> <span class='ocrx_word' id='word_1_340' title='bbox 706 3458 798 3532; x_wconf 81' lang='lat' dir='ltr'>magis</span> <span class='ocrx_word' id='word_1_341' title='bbox 817 3455 953 3510; x_wconf 58' lang='lat' dir='ltr'>amomo</span> <span class='ocrx_word' id='word_1_342' title='bbox 967 3455 1057 3532; x_wconf 73' lang='lat' dir='ltr'>qaarp</span> 
     </span>
    </p>
   </div>
   <div class='ocr_carea' id='block_1_8' title="bbox 167 3679 185 3718">
    <p class='ocr_par' dir='ltr' id='par_1_9' title="bbox 167 3679 185 3718">
     <span class='ocr_line' id='line_1_43' title="bbox 167 3679 185 3718; baseline 0 -2"><span class='ocrx_word' id='word_1_343' title='bbox 167 3679 185 3718; x_wconf 75' lang='lat'><em>0</em></span> 
     </span>
    </p>
   </div>
   <div class='ocr_carea' id='block_1_9' title="bbox 0 0 1278 4010">
    <p class='ocr_par' dir='ltr' id='par_1_10' title="bbox 0 0 1278 4010">
     <span class='ocr_line' id='line_1_44' title="bbox 0 0 1278 4010; baseline 0 0"><span class='ocrx_word' id='word_1_344' title='bbox 0 0 1278 4010; x_wconf 95' lang='lat' dir='ltr'> </span> 
     </span>
    </p>
   </div>
  </div>
 </body>
</html>
