<?xml version="1.0" encoding="UTF-8"?>
<!DOCTYPE html PUBLIC "-//W3C//DTD XHTML 1.0 Transitional//EN"
    "http://www.w3.org/TR/xhtml1/DTD/xhtml1-transitional.dtd">
<html xmlns="http://www.w3.org/1999/xhtml" xml:lang="en" lang="en">
 <head>
  <title>
</title>
<meta http-equiv="Content-Type" content="text/html;charset=utf-8" />
  <meta name='ocr-system' content='tesseract 3.04.00' />
  <meta name='ocr-capabilities' content='ocr_page ocr_carea ocr_par ocr_line ocrx_word'/>
</head>
<body>
  <div class='ocr_page' id='page_1' title='image "./titiliviihistor03livigoog_0146.png"; bbox 0 0 2406 3932; ppageno 0'>
   <div class='ocr_carea' id='block_1_1' title="bbox 445 225 1050 308">
    <p class='ocr_par' dir='ltr' id='par_1_1' title="bbox 445 225 1050 308">
     <span class='ocr_line' id='line_1_1' title="bbox 445 225 1050 308; baseline 0.005 -6"><span class='ocrx_word' id='word_1_1' title='bbox 445 232 610 304; x_wconf 75' lang='lat' dir='ltr'><strong>arsen</strong></span> <span class='ocrx_word' id='word_1_2' title='bbox 641 225 755 302; x_wconf 81' lang='lat' dir='ltr'><strong>xrinr.</strong></span> <span class='ocrx_word' id='word_1_3' title='bbox 994 245 1050 308; x_wconf 81' lang='lat' dir='ltr'><strong>ros</strong></span> 
     </span>
    </p>
   </div>
   <div class='ocr_carea' id='block_1_2' title="bbox 141 393 1054 1325">
    <p class='ocr_par' dir='ltr' id='par_1_2' title="bbox 141 393 1054 1325">
     <span class='ocr_line' id='line_1_2' title="bbox 147 393 1053 476; baseline -0.001 -22"><span class='ocrx_word' id='word_1_4' title='bbox 147 393 241 471; x_wconf 77' lang='lat' dir='ltr'><strong>pudor</strong></span> <span class='ocrx_word' id='word_1_5' title='bbox 253 395 339 456; x_wconf 86' lang='lat' dir='ltr'><strong>etiam</strong></span> <span class='ocrx_word' id='word_1_6' title='bbox 353 397 547 458; x_wconf 79' lang='lat' dir='ltr'><strong>Hannibalem</strong></span> <span class='ocrx_word' id='word_1_7' title='bbox 567 401 605 458; x_wconf 90' lang='lat' dir='ltr'><strong>ab</strong></span> <span class='ocrx_word' id='word_1_8' title='bbox 625 399 741 476; x_wconf 85' lang='lat' dir='ltr'><strong>incepto</strong></span> <span class='ocrx_word' id='word_1_9' title='bbox 754 393 876 462; x_wconf 77' lang='lat' dir='ltr'><strong>avertit3</strong></span> <span class='ocrx_word' id='word_1_10' title='bbox 896 393 1053 472; x_wconf 85' lang='lat' dir='ltr'><strong>castrisque</strong></span> 
     </span>
     <span class='ocr_line' id='line_1_3' title="bbox 149 472 1054 552; baseline -0.002 -22"><span class='ocrx_word' id='word_1_11' title='bbox 149 475 338 544; x_wconf 88' lang='lat' dir='ltr'><strong>communitis,</strong></span> <span class='ocrx_word' id='word_1_12' title='bbox 359 493 395 534; x_wconf 85' lang='lat' dir='ltr'><strong>ac</strong></span> <span class='ocrx_word' id='word_1_13' title='bbox 418 475 557 552; x_wconf 89' lang='lat' dir='ltr'><strong>praesidio</strong></span> <span class='ocrx_word' id='word_1_14' title='bbox 577 477 691 534; x_wconf 89' lang='lat' dir='ltr'><strong>rnodico</strong></span> <span class='ocrx_word' id='word_1_15' title='bbox 718 473 862 550; x_wconf 87' lang='lat' dir='ltr'><strong>imposito,</strong></span> <span class='ocrx_word' id='word_1_16' title='bbox 892 491 929 531; x_wconf 91' lang='lat' dir='ltr'><strong>ne</strong></span> <span class='ocrx_word' id='word_1_17' title='bbox 949 472 1054 530; x_wconf 88' lang='lat' dir='ltr'><strong>omissa</strong></span> 
     </span>
     <span class='ocr_line' id='line_1_4' title="bbox 148 549 1053 630; baseline -0.001 -24"><span class='ocrx_word' id='word_1_18' title='bbox 148 565 192 607; x_wconf 87' lang='lat' dir='ltr'><strong>res</strong></span> <span class='ocrx_word' id='word_1_19' title='bbox 206 551 357 620; x_wconf 88' lang='lat' dir='ltr'><strong>videretur,</strong></span> <span class='ocrx_word' id='word_1_20' title='bbox 371 553 401 610; x_wconf 88' lang='lat' dir='ltr'><strong>in</strong></span> <span class='ocrx_word' id='word_1_21' title='bbox 414 553 535 612; x_wconf 87' lang='lat' dir='ltr'><strong>hiberna</strong></span> <span class='ocrx_word' id='word_1_22' title='bbox 549 554 678 630; x_wconf 85' lang='lat' dir='ltr'><strong>Capuam</strong></span> <span class='ocrx_word' id='word_1_23' title='bbox 692 550 843 610; x_wconf 76' lang='lat' dir='ltr'><strong>concessit.</strong></span> <span class='ocrx_word' id='word_1_24' title='bbox 884 549 929 607; x_wconf 91' lang='lat' dir='ltr'><strong>lbi</strong></span> <span class='ocrx_word' id='word_1_25' title='bbox 943 557 1053 628; x_wconf 89' lang='lat' dir='ltr'><strong>partem</strong></span> 
     </span>
     <span class='ocr_line' id='line_1_5' title="bbox 146 627 1053 704; baseline 0.002 -22"><span class='ocrx_word' id='word_1_26' title='bbox 146 630 283 704; x_wconf 72' lang='lat' dir='ltr'><strong>maiorem</strong></span> <span class='ocrx_word' id='word_1_27' title='bbox 307 629 409 688; x_wconf 90' lang='lat' dir='ltr'><strong>hiemis</strong></span> <span class='ocrx_word' id='word_1_28' title='bbox 435 629 593 688; x_wconf 83' lang='lat' dir='ltr'><strong>exercitum</strong></span> <span class='ocrx_word' id='word_1_29' title='bbox 620 629 649 685; x_wconf 93' lang='lat' dir='ltr'><strong>in</strong></span> <span class='ocrx_word' id='word_1_30' title='bbox 672 629 756 702; x_wconf 83' lang='lat' dir='ltr'><strong>tectis</strong></span> <span class='ocrx_word' id='word_1_31' title='bbox 775 627 885 695; x_wconf 87' lang='lat' dir='ltr'><strong>habuit,</strong></span> <span class='ocrx_word' id='word_1_32' title='bbox 916 629 1053 686; x_wconf 86' lang='lat' dir='ltr'><strong>adversus</strong></span> 
     </span>
     <span class='ocr_line' id='line_1_6' title="bbox 146 705 1053 784; baseline 0.002 -24"><span class='ocrx_word' id='word_1_33' title='bbox 146 706 242 762; x_wconf 76' lang='lat' dir='ltr'><strong>amnia</strong></span> <span class='ocrx_word' id='word_1_34' title='bbox 255 707 381 764; x_wconf 86' lang='lat' dir='ltr'><strong>humana</strong></span> <span class='ocrx_word' id='word_1_35' title='bbox 393 707 470 764; x_wconf 86' lang='lat' dir='ltr'><strong>male</strong></span> <span class='ocrx_word' id='word_1_36' title='bbox 489 724 576 784; x_wconf 82' lang='lat' dir='ltr'>saepe</span> <span class='ocrx_word' id='word_1_37' title='bbox 595 723 631 762; x_wconf 88' lang='lat' dir='ltr'><strong>ac</strong></span> <span class='ocrx_word' id='word_1_38' title='bbox 644 705 693 778; x_wconf 86' lang='lat' dir='ltr'><strong>diu</strong></span> <span class='ocrx_word' id='word_1_39' title='bbox 705 705 847 770; x_wconf 87' lang='lat' dir='ltr'><strong>duratum,</strong></span> <span class='ocrx_word' id='word_1_40' title='bbox 869 706 952 764; x_wconf 91' lang='lat' dir='ltr'><strong>bonis</strong></span> <span class='ocrx_word' id='word_1_41' title='bbox 973 705 1053 763; x_wconf 83' lang='lat' dir='ltr'><strong>inex·</strong></span> 
     </span>
     <span class='ocr_line' id='line_1_7' title="bbox 141 783 1053 864; baseline 0.003 -24"><span class='ocrx_word' id='word_1_42' title='bbox 141 794 260 856; x_wconf 76' lang='lat' dir='ltr'><strong>pentum</strong></span> <span class='ocrx_word' id='word_1_43' title='bbox 273 795 360 860; x_wconf 85' lang='lat' dir='ltr'><strong>atque</strong></span> <span class='ocrx_word' id='word_1_44' title='bbox 378 784 530 843; x_wconf 89' lang='lat' dir='ltr'><strong>insuetum.</strong></span> <span class='ocrx_word' id='word_1_45' title='bbox 570 783 682 859; x_wconf 86' lang='lat' dir='ltr'><strong>ltaque,</strong></span> <span class='ocrx_word' id='word_1_46' title='bbox 694 801 774 864; x_wconf 49' lang='lat' dir='ltr'><strong>¹quos</strong></span> <span class='ocrx_word' id='word_1_47' title='bbox 793 784 871 842; x_wconf 90' lang='lat' dir='ltr'><strong>nulla</strong></span> <span class='ocrx_word' id='word_1_48' title='bbox 890 783 956 842; x_wconf 86' lang='lat' dir='ltr'><strong>rnaii</strong></span> <span class='ocrx_word' id='word_1_49' title='bbox 976 784 1053 844; x_wconf 87' lang='lat' dir='ltr'><strong>vice·</strong></span> 
     </span>
     <span class='ocr_line' id='line_1_8' title="bbox 144 859 1053 936; baseline 0.003 -21"><span class='ocrx_word' id='word_1_50' title='bbox 144 869 191 916; x_wconf 86' lang='lat' dir='ltr'><strong>rat</strong></span> <span class='ocrx_word' id='word_1_51' title='bbox 204 859 254 926; x_wconf 90' lang='lat' dir='ltr'><strong>vis,</strong></span> <span class='ocrx_word' id='word_1_52' title='bbox 270 860 419 936; x_wconf 83' lang='lat' dir='ltr'><strong>perdidere</strong></span> <span class='ocrx_word' id='word_1_53' title='bbox 431 862 518 919; x_wconf 87' lang='lat' dir='ltr'><strong>nimia</strong></span> <span class='ocrx_word' id='word_1_54' title='bbox 537 863 615 920; x_wconf 86' lang='lat' dir='ltr'><strong>bona</strong></span> <span class='ocrx_word' id='word_1_55' title='bbox 633 877 668 917; x_wconf 85' lang='lat' dir='ltr'><strong>ac</strong></span> <span class='ocrx_word' id='word_1_56' title='bbox 687 860 847 936; x_wconf 87' lang='lat' dir='ltr'><strong>voluptates</strong></span> <span class='ocrx_word' id='word_1_57' title='bbox 866 861 1053 926; x_wconf 87' lang='lat' dir='ltr'><strong>immodicae;</strong></span> 
     </span>
     <span class='ocr_line' id='line_1_9' title="bbox 145 936 1052 1016; baseline 0.002 -24"><span class='ocrx_word' id='word_1_58' title='bbox 145 943 177 992; x_wconf 86' lang='lat' dir='ltr'><strong>et</strong></span> <span class='ocrx_word' id='word_1_59' title='bbox 190 955 226 993; x_wconf 91' lang='lat' dir='ltr'><strong>eo</strong></span> <span class='ocrx_word' id='word_1_60' title='bbox 239 936 403 1014; x_wconf 86' lang='lat' dir='ltr'><strong>impensius,</strong></span> <span class='ocrx_word' id='word_1_61' title='bbox 418 956 474 1016; x_wconf 92' lang='lat' dir='ltr'><strong>qno</strong></span> <span class='ocrx_word' id='word_1_62' title='bbox 488 939 597 1015; x_wconf 82' lang='lat' dir='ltr'><strong>avidius</strong></span> <span class='ocrx_word' id='word_1_63' title='bbox 610 956 647 995; x_wconf 86' lang='lat' dir='ltr'><strong>ex</strong></span> <span class='ocrx_word' id='word_1_64' title='bbox 660 937 811 995; x_wconf 78' lang='lat' dir='ltr'><strong>insolentia</strong></span> <span class='ocrx_word' id='word_1_65' title='bbox 823 937 852 993; x_wconf 92' lang='lat' dir='ltr'><strong>in</strong></span> <span class='ocrx_word' id='word_1_66' title='bbox 871 957 921 996; x_wconf 88' lang='lat' dir='ltr'><strong>eas</strong></span> <span class='ocrx_word' id='word_1_67' title='bbox 934 957 964 997; x_wconf 90' lang='lat' dir='ltr'><strong>se</strong></span> <span class='ocrx_word' id='word_1_68' title='bbox 978 955 1052 996; x_wconf 89' lang='lat' dir='ltr'><strong>rner-</strong></span> 
     </span>
     <span class='ocr_line' id='line_1_10' title="bbox 146 1013 1052 1090; baseline 0.003 -20"><span class='ocrx_word' id='word_1_69' title='bbox 146 1021 252 1070; x_wconf 82' lang='lat' dir='ltr'><strong>serant.</strong></span> <span class='ocrx_word' id='word_1_70' title='bbox 294 1015 517 1085; x_wconf 83' lang='lat' dir='ltr'><strong>Somnus&#39;enim,</strong></span> <span class='ocrx_word' id='word_1_71' title='bbox 537 1027 568 1074; x_wconf 86' lang='lat' dir='ltr'><strong>et</strong></span> <span class='ocrx_word' id='word_1_72' title='bbox 587 1015 693 1084; x_wconf 89' lang='lat' dir='ltr'><strong>vinum,</strong></span> <span class='ocrx_word' id='word_1_73' title='bbox 712 1025 743 1072; x_wconf 90' lang='lat' dir='ltr'><strong>et</strong></span> <span class='ocrx_word' id='word_1_74' title='bbox 763 1013 874 1090; x_wconf 88' lang='lat' dir='ltr'><strong>epulae,</strong></span> <span class='ocrx_word' id='word_1_75' title='bbox 896 1027 925 1084; x_wconf 88' lang='lat' dir='ltr'><strong>et</strong></span> <span class='ocrx_word' id='word_1_76' title='bbox 948 1025 1052 1084; x_wconf 86' lang='lat' dir='ltr'><strong>scorta,</strong></span> 
     </span>
     <span class='ocr_line' id='line_1_11' title="bbox 146 1090 1054 1168; baseline 0.002 -22"><span class='ocrx_word' id='word_1_77' title='bbox 146 1090 325 1168; x_wconf 76' lang='lat' dir='ltr'><strong>balineaque,</strong></span> <span class='ocrx_word' id='word_1_78' title='bbox 340 1105 369 1152; x_wconf 90' lang='lat' dir='ltr'><strong>et</strong></span> <span class='ocrx_word' id='word_1_79' title='bbox 383 1093 483 1162; x_wconf 82' lang='lat' dir='ltr'><strong>otium,</strong></span> <span class='ocrx_word' id='word_1_80' title='bbox 497 1093 705 1152; x_wconf 88' lang='lat' dir='ltr'><strong>consuetudine</strong></span> <span class='ocrx_word' id='word_1_81' title='bbox 724 1093 755 1150; x_wconf 90' lang='lat' dir='ltr'><strong>in</strong></span> <span class='ocrx_word' id='word_1_82' title='bbox 773 1091 836 1150; x_wconf 89' lang='lat' dir='ltr'><strong>dies</strong></span> <span class='ocrx_word' id='word_1_83' title='bbox 856 1090 998 1158; x_wconf 87' lang='lat' dir='ltr'><strong>blandius,</strong></span> <span class='ocrx_word' id='word_1_84' title='bbox 1013 1093 1054 1149; x_wconf 86' lang='lat' dir='ltr'><strong>ita</strong></span> 
     </span>
     <span class='ocr_line' id='line_1_12' title="bbox 145 1167 1054 1250; baseline 0.001 -25"><span class='ocrx_word' id='word_1_85' title='bbox 145 1180 352 1228; x_wconf 88' lang='lat' dir='ltr'><strong>enervaverunt</strong></span> <span class='ocrx_word' id='word_1_86' title='bbox 364 1189 485 1250; x_wconf 86' lang='lat' dir='ltr'><strong>corpora</strong></span> <span class='ocrx_word' id='word_1_87' title='bbox 499 1171 672 1248; x_wconf 80' lang='lat' dir='ltr'><strong>animosque,</strong></span> <span class='ocrx_word' id='word_1_88' title='bbox 695 1179 727 1227; x_wconf 89' lang='lat' dir='ltr'><strong>ut</strong></span> <span class='ocrx_word' id='word_1_89' title='bbox 739 1169 830 1244; x_wconf 88' lang='lat' dir='ltr'><strong>magis</strong></span> <span class='ocrx_word' id='word_1_90' title='bbox 848 1167 952 1226; x_wconf 90' lang='lat' dir='ltr'><strong>deinde</strong></span> <span class='ocrx_word' id='word_1_91' title='bbox 972 1185 1054 1245; x_wconf 85' lang='lat' dir='ltr'><strong>prae·</strong></span> 
     </span>
     <span class='ocr_line' id='line_1_13' title="bbox 143 1245 1053 1325; baseline 0.003 -23"><span class='ocrx_word' id='word_1_92' title='bbox 143 1245 246 1303; x_wconf 83' lang='lat' dir='ltr'><strong>teritae</strong></span> <span class='ocrx_word' id='word_1_93' title='bbox 266 1247 400 1307; x_wconf 87' lang='lat' dir='ltr'><strong>victoriae</strong></span> <span class='ocrx_word' id='word_1_94' title='bbox 423 1267 474 1306; x_wconf 89' lang='lat' dir='ltr'><strong>eos</strong></span> <span class='ocrx_word' id='word_1_95' title='bbox 497 1267 582 1324; x_wconf 84' lang='lat' dir='ltr'><strong>quarn</strong></span> <span class='ocrx_word' id='word_1_96' title='bbox 602 1259 766 1325; x_wconf 78' lang='lat' dir='ltr'><strong>praesentes</strong></span> <span class='ocrx_word' id='word_1_97' title='bbox 787 1256 949 1305; x_wconf 87' lang='lat' dir='ltr'><strong>tutarentur</strong></span> <span class='ocrx_word' id='word_1_98' title='bbox 961 1247 1053 1313; x_wconf 86' lang='lat' dir='ltr'><strong>vires;</strong></span> 
     </span>
    </p>
   </div>
   <div class='ocr_carea' id='block_1_3' title="bbox 145 1321 1196 1403">
    <p class='ocr_par' dir='ltr' id='par_1_3' title="bbox 145 1321 1196 1403">
     <span class='ocr_line' id='line_1_14' title="bbox 145 1321 1196 1403; baseline 0.004 -25"><span class='ocrx_word' id='word_1_99' title='bbox 145 1325 295 1399; x_wconf 85' lang='lat' dir='ltr'><strong>majusque</strong></span> <span class='ocrx_word' id='word_1_100' title='bbox 309 1325 337 1381; x_wconf 92' lang='lat' dir='ltr'><strong>id</strong></span> <span class='ocrx_word' id='word_1_101' title='bbox 351 1335 502 1401; x_wconf 89' lang='lat' dir='ltr'><strong>peccatum</strong></span> <span class='ocrx_word' id='word_1_102' title='bbox 516 1325 597 1383; x_wconf 89' lang='lat' dir='ltr'><strong>ducis</strong></span> <span class='ocrx_word' id='word_1_103' title='bbox 610 1325 687 1403; x_wconf 89' lang='lat' dir='ltr'><strong>apud</strong></span> <span class='ocrx_word' id='word_1_104' title='bbox 707 1325 813 1403; x_wconf 88' lang='lat' dir='ltr'><strong>peritos</strong></span> <span class='ocrx_word' id='word_1_105' title='bbox 833 1324 937 1382; x_wconf 88' lang='lat' dir='ltr'><strong>artium</strong></span> <span class='ocrx_word' id='word_1_106' title='bbox 951 1321 1053 1382; x_wconf 85' lang='lat' dir='ltr'><strong>milita·</strong></span> <span class='ocrx_word' id='word_1_107' title='bbox 1107 1323 1114 1332; x_wconf 79' lang='grc'><strong>“</strong></span> <span class='ocrx_word' id='word_1_108' title='bbox 1195 1353 1196 1360; x_wconf 54' lang='lat'><strong>.</strong></span> 
     </span>
    </p>
   </div>
   <div class='ocr_carea' id='block_1_4' title="bbox 144 1397 1131 1480">
    <p class='ocr_par' dir='ltr' id='par_1_4' title="bbox 144 1397 1131 1480">
     <span class='ocr_line' id='line_1_15' title="bbox 144 1397 1131 1480; baseline 0.002 -24"><span class='ocrx_word' id='word_1_109' title='bbox 144 1397 219 1456; x_wconf 85' lang='lat' dir='ltr'><strong>rium</strong></span> <span class='ocrx_word' id='word_1_110' title='bbox 232 1399 395 1471; x_wconf 77' lang='lat' dir='ltr'><strong>haberetur,</strong></span> <span class='ocrx_word' id='word_1_111' title='bbox 415 1417 501 1480; x_wconf 84' lang='lat' dir='ltr'><strong>quarn</strong></span> <span class='ocrx_word' id='word_1_112' title='bbox 515 1403 592 1480; x_wconf 92' lang='lat' dir='ltr'><strong>quod</strong></span> <span class='ocrx_word' id='word_1_113' title='bbox 615 1420 673 1461; x_wconf 92' lang='lat' dir='ltr'><strong>non</strong></span> <span class='ocrx_word' id='word_1_114' title='bbox 697 1421 735 1460; x_wconf 85' lang='lat' dir='ltr'><strong>ex</strong></span> <span class='ocrx_word' id='word_1_115' title='bbox 748 1401 969 1462; x_wconf 78' lang='lat' dir='ltr'><strong>Cannensiacie</strong></span> <span class='ocrx_word' id='word_1_116' title='bbox 989 1421 1053 1478; x_wconf 89' lang='lat' dir='ltr'><strong>pro·</strong></span> <span class='ocrx_word' id='word_1_117' title='bbox 1128 1475 1131 1480; x_wconf 27' lang='grc' dir='ltr'>Ι</span> 
     </span>
    </p>
   </div>
   <div class='ocr_carea' id='block_1_5' title="bbox 7 1475 1054 2016">
    <p class='ocr_par' dir='ltr' id='par_1_5' title="bbox 144 1475 1053 1788">
     <span class='ocr_line' id='line_1_16' title="bbox 145 1475 1052 1547; baseline 0.003 -13"><span class='ocrx_word' id='word_1_118' title='bbox 145 1475 222 1534; x_wconf 88' lang='lat' dir='ltr'><strong>tinus</strong></span> <span class='ocrx_word' id='word_1_119' title='bbox 235 1477 272 1535; x_wconf 90' lang='lat' dir='ltr'><strong>ad</strong></span> <span class='ocrx_word' id='word_1_120' title='bbox 287 1480 387 1547; x_wconf 84' lang='lat' dir='ltr'><strong>urbem</strong></span> <span class='ocrx_word' id='word_1_121' title='bbox 403 1479 565 1538; x_wconf 86' lang='lat' dir='ltr'><strong>Romanam</strong></span> <span class='ocrx_word' id='word_1_122' title='bbox 579 1480 716 1538; x_wconf 83' lang='lat' dir='ltr'><strong>duxisset.</strong></span> <span class='ocrx_word' id='word_1_123' title='bbox 746 1479 795 1536; x_wconf 88' lang='lat' dir='ltr'><strong>iila</strong></span> <span class='ocrx_word' id='word_1_124' title='bbox 815 1480 891 1537; x_wconf 89' lang='lat' dir='ltr'><strong>enirn</strong></span> <span class='ocrx_word' id='word_1_125' title='bbox 906 1479 1052 1538; x_wconf 87' lang='lat' dir='ltr'><strong>cunctatio</strong></span> 
     </span>
     <span class='ocr_line' id='line_1_17' title="bbox 144 1551 1053 1633; baseline 0.004 -23"><span class='ocrx_word' id='word_1_126' title='bbox 144 1551 289 1614; x_wconf 82' lang='lat' dir='ltr'><strong>distulisse</strong></span> <span class='ocrx_word' id='word_1_127' title='bbox 298 1556 389 1613; x_wconf 71' lang='lat' dir='ltr'><strong>vmodo</strong></span> <span class='ocrx_word' id='word_1_128' title='bbox 412 1556 560 1614; x_wconf 87' lang='lat' dir='ltr'><strong>victoriam</strong></span> <span class='ocrx_word' id='word_1_129' title='bbox 583 1556 672 1614; x_wconf 88' lang='lat' dir='ltr'><strong>viden&#39;</strong></span> <span class='ocrx_word' id='word_1_130' title='bbox 693 1557 795 1633; x_wconf 88' lang='lat' dir='ltr'><strong>potuit,</strong></span> <span class='ocrx_word' id='word_1_131' title='bbox 815 1556 863 1614; x_wconf 91' lang='lat' dir='ltr'><strong>hic</strong></span> <span class='ocrx_word' id='word_1_132' title='bbox 884 1575 962 1614; x_wconf 81' lang='lat' dir='ltr'><strong>error</strong></span> <span class='ocrx_word' id='word_1_133' title='bbox 980 1557 1053 1614; x_wconf 87' lang='lat' dir='ltr'><strong>vires</strong></span> 
     </span>
     <span class='ocr_line' id='line_1_18' title="bbox 145 1617 1053 1710; baseline 0.004 -22"><span class='ocrx_word' id='word_1_134' title='bbox 145 1617 287 1689; x_wconf 73' lang='lat' dir='ltr'><strong>ademisse</strong></span> <span class='ocrx_word' id='word_1_135' title='bbox 301 1633 338 1690; x_wconf 90' lang='lat' dir='ltr'><strong>ad</strong></span> <span class='ocrx_word' id='word_1_136' title='bbox 351 1633 533 1692; x_wconf 84' lang='lat' dir='ltr'><strong>vincendum.</strong></span> <span class='ocrx_word' id='word_1_137' title='bbox 572 1633 683 1710; x_wconf 86' lang='lat' dir='ltr'><strong>Itaque,</strong></span> <span class='ocrx_word' id='word_1_138' title='bbox 698 1633 835 1702; x_wconf 73' lang='lat' dir='ltr'><strong>Hermio,</strong></span> <span class='ocrx_word' id='word_1_139' title='bbox 857 1633 935 1692; x_wconf 83' lang='lat' dir='ltr'><strong>velut</strong></span> <span class='ocrx_word' id='word_1_140' title='bbox 949 1633 971 1692; x_wconf 90' lang='lat' dir='ltr'><strong>si</strong></span> <span class='ocrx_word' id='word_1_141' title='bbox 986 1651 1053 1693; x_wconf 88' lang='lat' dir='ltr'><strong>cum</strong></span> 
     </span>
     <span class='ocr_line' id='line_1_19' title="bbox 145 1707 1053 1788; baseline 0.004 -24"><span class='ocrx_word' id='word_1_142' title='bbox 145 1707 232 1766; x_wconf 88' lang='lat' dir='ltr'><strong>alioe</strong></span> <span class='ocrx_word' id='word_1_143' title='bbox 253 1709 344 1770; x_wconf 89' lang='lat' dir='ltr'><strong>ercitu</strong></span> <span class='ocrx_word' id='word_1_144' title='bbox 357 1728 375 1767; x_wconf 88' lang='lat' dir='ltr'><strong>a</strong></span> <span class='ocrx_word' id='word_1_145' title='bbox 389 1711 452 1787; x_wconf 88' lang='lat' dir='ltr'><strong>Cap</strong></span> <span class='ocrx_word' id='word_1_146' title='bbox 503 1710 602 1780; x_wconf 82' lang='lat' dir='ltr'><strong>exiret,</strong></span> <span class='ocrx_word' id='word_1_147' title='bbox 624 1710 693 1768; x_wconf 92' lang='lat' dir='ltr'><strong>nihil</strong></span> <span class='ocrx_word' id='word_1_148' title='bbox 707 1727 827 1786; x_wconf 88' lang='lat' dir='ltr'><strong>usquam</strong></span> <span class='ocrx_word' id='word_1_149' title='bbox 847 1711 983 1788; x_wconf 83' lang='lat' dir='ltr'><strong>pristinae</strong></span> <span class='ocrx_word' id='word_1_150' title='bbox 996 1712 1053 1768; x_wconf 89' lang='lat' dir='ltr'><strong>dis·</strong></span> 
     </span>
    </p>

    <p class='ocr_par' dir='ltr' id='par_1_6' title="bbox 7 1785 1054 2016">
     <span class='ocr_line' id='line_1_20' title="bbox 139 1785 1054 1866; baseline 0 -22"><span class='ocrx_word' id='word_1_151' title='bbox 139 1848 143 1854; x_wconf 67' lang='grc'><em>,</em></span> <span class='ocrx_word' id='word_1_152' title='bbox 188 1785 231 1844; x_wconf 85' lang='lat' dir='ltr'><strong>‘&#39;rr</strong></span> <span class='ocrx_word' id='word_1_153' title='bbox 281 1789 383 1846; x_wconf 75' lang='lat' dir='ltr'><strong>tenant.</strong></span> <span class='ocrx_word' id='word_1_154' title='bbox 402 1807 468 1846; x_wconf 91' lang='lat' dir='ltr'><strong>nam</strong></span> <span class='ocrx_word' id='word_1_155' title='bbox 534 1787 681 1846; x_wconf 90' lang='lat' dir='ltr'><strong>redierunt</strong></span> <span class='ocrx_word' id='word_1_156' title='bbox 700 1788 828 1866; x_wconf 89' lang='lat' dir='ltr'><strong>plerique</strong></span> <span class='ocrx_word' id='word_1_157' title='bbox 840 1788 942 1847; x_wconf 89' lang='lat' dir='ltr'><strong>scortis</strong></span> <span class='ocrx_word' id='word_1_158' title='bbox 961 1788 1054 1864; x_wconf 87' lang='lat' dir='ltr'><strong>impli-</strong></span> 
     </span>
     <span class='ocr_line' id='line_1_21' title="bbox 7 1863 1052 2016; baseline 0.003 -96"><span class='ocrx_word' id='word_1_159' title='bbox 7 1863 8 1866; x_wconf 67' lang='grc'>’</span> <span class='ocrx_word' id='word_1_160' title='bbox 134 1915 176 2016; x_wconf 38' lang='lat' dir='ltr'><strong>qq</strong></span> <span class='ocrx_word' id='word_1_161' title='bbox 208 1869 285 1998; x_wconf 31' lang='grc' dir='ltr'><strong>’,ξιξ</strong></span> <span class='ocrx_word' id='word_1_162' title='bbox 307 1865 337 1922; x_wconf 91' lang='lat' dir='ltr'><strong>bi</strong></span> <span class='ocrx_word' id='word_1_163' title='bbox 351 1865 472 1944; x_wconf 86' lang='lat' dir='ltr'><strong>primum</strong></span> <span class='ocrx_word' id='word_1_164' title='bbox 487 1867 540 1923; x_wconf 90' lang='lat' dir='ltr'><strong>sub</strong></span> <span class='ocrx_word' id='word_1_165' title='bbox 554 1865 677 1942; x_wconf 90' lang='lat' dir='ltr'><strong>pellibus</strong></span> <span class='ocrx_word' id='word_1_166' title='bbox 689 1865 893 1943; x_wconf 85' lang='lat' dir='ltr'><strong>babericoepti</strong></span> <span class='ocrx_word' id='word_1_167' title='bbox 908 1875 984 1934; x_wconf 87' lang='lat' dir='ltr'><strong>sunt,</strong></span> <span class='ocrx_word' id='word_1_168' title='bbox 995 1865 1052 1923; x_wconf 86' lang='lat' dir='ltr'><strong>via·</strong></span> 
     </span>
    </p>

    <p class='ocr_par' dir='ltr' id='par_1_7' title="bbox 125 1941 295 1998">
     <span class='ocr_line' id='line_1_22' title="bbox 173 1941 295 1998; baseline 0 0"><span class='ocrx_word' id='word_1_169' title='bbox 173 1945 233 1998; x_wconf 76' lang='lat' dir='ltr'><strong>ree</strong></span> <span class='ocrx_word' id='word_1_170' title='bbox 288 1941 295 1998; x_wconf 93' lang='lat' dir='ltr'><strong>i</strong></span> 
     </span>
    </p>
   </div>
   <div class='ocr_carea' id='block_1_6' title="bbox 296 1942 1054 2020">
    <p class='ocr_par' dir='ltr' id='par_1_8' title="bbox 296 1942 1054 2020">
     <span class='ocr_line' id='line_1_23' title="bbox 296 1942 1054 2020; baseline 0.003 -20"><span class='ocrx_word' id='word_1_171' title='bbox 296 1961 331 2000; x_wconf 88' lang='lat' dir='ltr'><strong>us</strong></span> <span class='ocrx_word' id='word_1_172' title='bbox 344 1942 471 2002; x_wconf 79' lang='lat' dir='ltr'><strong>militaris</strong></span> <span class='ocrx_word' id='word_1_173' title='bbox 484 1943 566 2002; x_wconf 77' lang='lat' dir='ltr'><strong>labor</strong></span> <span class='ocrx_word' id='word_1_174' title='bbox 579 1943 702 2020; x_wconf 79' lang='lat' dir='ltr'><strong>excepit,</strong></span> <span class='ocrx_word' id='word_1_175' title='bbox 731 1942 856 2002; x_wconf 85' lang='lat' dir='ltr'><strong>tironum</strong></span> <span class='ocrx_word' id='word_1_176' title='bbox 880 1943 966 2000; x_wconf 90' lang='lat' dir='ltr'><strong>modo</strong></span> <span class='ocrx_word' id='word_1_177' title='bbox 990 1961 1054 2002; x_wconf 83' lang='lat' dir='ltr'><strong>cor·</strong></span> 
     </span>
    </p>
   </div>
   <div class='ocr_carea' id='block_1_7' title="bbox 145 2094 1052 2175">
    <p class='ocr_par' dir='ltr' id='par_1_9' title="bbox 145 2094 1052 2175">
     <span class='ocr_line' id='line_1_24' title="bbox 145 2094 1052 2175; baseline 0.004 -23"><span class='ocrx_word' id='word_1_178' title='bbox 145 2094 407 2175; x_wconf 68' lang='lat' dir='ltr'><strong>livorumiempua</strong></span> <span class='ocrx_word' id='word_1_179' title='bbox 508 2115 525 2155; x_wconf 84' lang='lat' dir='ltr'><strong>a</strong></span> <span class='ocrx_word' id='word_1_180' title='bbox 538 2116 604 2174; x_wconf 89' lang='lat' dir='ltr'><strong>pars</strong></span> <span class='ocrx_word' id='word_1_181' title='bbox 617 2096 679 2154; x_wconf 87' lang='lat' dir='ltr'><strong>sino</strong></span> <span class='ocrx_word' id='word_1_182' title='bbox 692 2101 899 2158; x_wconf 85' lang='lat' dir='ltr'><strong>commeatibus</strong></span> <span class='ocrx_word' id='word_1_183' title='bbox 912 2101 954 2157; x_wconf 89' lang='lat' dir='ltr'><strong>ab</strong></span> <span class='ocrx_word' id='word_1_184' title='bbox 964 2097 1052 2175; x_wconf 85' lang='lat' dir='ltr'><strong>signis</strong></span> 
     </span>
    </p>
   </div>
   <div class='ocr_carea' id='block_1_8' title="bbox 143 2005 1052 2284">
    <p class='ocr_par' dir='ltr' id='par_1_10' title="bbox 143 2005 1052 2284">
     <span class='ocr_line' id='line_1_25' title="bbox 146 2005 1052 2099; baseline 0.006 -24"><span class='ocrx_word' id='word_1_185' title='bbox 146 2011 263 2094; x_wconf 65' lang='lat' dir='ltr'><strong>poribus</strong></span> <span class='ocrx_word' id='word_1_186' title='bbox 277 2005 396 2097; x_wconf 71' lang='lat' dir='ltr'><strong>tinimisq</strong></span> <span class='ocrx_word' id='word_1_187' title='bbox 447 2012 638 2080; x_wconf 68' lang='lat' dir='ltr'><strong>definierant:</strong></span> <span class='ocrx_word' id='word_1_188' title='bbox 657 2031 687 2078; x_wconf 87' lang='lat' dir='ltr'><strong>et</strong></span> <span class='ocrx_word' id='word_1_189' title='bbox 701 2020 812 2088; x_wconf 90' lang='lat' dir='ltr'><strong>deinde,</strong></span> <span class='ocrx_word' id='word_1_190' title='bbox 821 2039 878 2099; x_wconf 85' lang='lat' dir='ltr'><strong>¹per</strong></span> <span class='ocrx_word' id='word_1_191' title='bbox 891 2039 976 2079; x_wconf 87' lang='lat' dir='ltr'><strong>omne</strong></span> <span class='ocrx_word' id='word_1_192' title='bbox 990 2039 1052 2080; x_wconf 90' lang='lat' dir='ltr'><strong>aes-</strong></span> 
     </span>
     <span class='ocr_line' id='line_1_26' title="bbox 143 2029 1051 2284; baseline 0.006 -54"><span class='ocrx_word' id='word_1_193' title='bbox 143 2166 363 2254; x_wconf 61' lang='lat' dir='ltr'><strong>dilbeba&#39;otum</strong></span> <span class='ocrx_word' id='word_1_194' title='bbox 392 2029 509 2260; x_wconf 44' lang='lat' dir='ltr'><strong>sk?</strong></span> <span class='ocrx_word' id='word_1_195' title='bbox 507 2175 580 2234; x_wconf 85' lang='lat' dir='ltr'><strong>aliae</strong></span> <span class='ocrx_word' id='word_1_196' title='bbox 603 2176 739 2246; x_wconf 83' lang='lat' dir='ltr'><strong>latebrae,</strong></span> <span class='ocrx_word' id='word_1_197' title='bbox 764 2193 849 2252; x_wconf 89' lang='lat' dir='ltr'><strong>quam</strong></span> <span class='ocrx_word' id='word_1_198' title='bbox 871 2177 1051 2284; x_wconf 34' lang='lat' dir='ltr'><strong>Capuaqde·</strong></span> 
     </span>
    </p>
   </div>
   <div class='ocr_carea' id='block_1_9' title="bbox 143 2247 1054 3184">
    <p class='ocr_par' dir='ltr' id='par_1_11' title="bbox 143 2247 436 2322">
     <span class='ocr_line' id='line_1_27' title="bbox 143 2247 436 2322; baseline 0.031 -14"><span class='ocrx_word' id='word_1_199' title='bbox 143 2247 301 2314; x_wconf 68' lang='lat' dir='ltr'><strong>sensatus</strong></span> <span class='ocrx_word' id='word_1_200' title='bbox 315 2263 406 2322; x_wconf 65' lang='lat' dir='ltr'><strong>eruut·</strong></span> <span class='ocrx_word' id='word_1_201' title='bbox 425 2255 436 2284; x_wconf 83' lang='lat'><strong>&#39;¹</strong></span> 
     </span>
    </p>

    <p class='ocr_par' dir='ltr' id='par_1_12' title="bbox 144 2313 1054 3184">
     <span class='ocr_line' id='line_1_28' title="bbox 185 2313 1052 2410; baseline 0.005 -24"><span class='ocrx_word' id='word_1_202' title='bbox 185 2313 287 2388; x_wconf 62' lang='lat' dir='ltr'><strong>xlia-⁴</strong></span> <span class='ocrx_word' id='word_1_203' title='bbox 301 2327 469 2402; x_wconf 67' lang='lat' dir='ltr'><strong>Garanum</strong></span> <span class='ocrx_word' id='word_1_204' title='bbox 490 2333 658 2392; x_wconf 87' lang='lat' dir='ltr'><strong>mitescente</strong></span> <span class='ocrx_word' id='word_1_205' title='bbox 676 2335 735 2410; x_wconf 83' lang='lat' dir='ltr'><strong>jam</strong></span> <span class='ocrx_word' id='word_1_206' title='bbox 762 2331 866 2401; x_wconf 92' lang='lat' dir='ltr'><strong>hieme,</strong></span> <span class='ocrx_word' id='word_1_207' title='bbox 891 2331 995 2392; x_wconf 90' lang='lat' dir='ltr'><strong>educto</strong></span> <span class='ocrx_word' id='word_1_208' title='bbox 1015 2351 1052 2392; x_wconf 87' lang='lat' dir='ltr'><strong>ex</strong></span> 
     </span>
     <span class='ocr_line' id='line_1_29' title="bbox 146 2405 1052 2488; baseline 0.004 -26"><span class='ocrx_word' id='word_1_209' title='bbox 146 2405 273 2464; x_wconf 89' lang='lat' dir='ltr'><strong>bibernis</strong></span> <span class='ocrx_word' id='word_1_210' title='bbox 286 2409 386 2478; x_wconf 87' lang='lat' dir='ltr'><strong>milite,</strong></span> <span class='ocrx_word' id='word_1_211' title='bbox 411 2410 569 2469; x_wconf 86' lang='lat' dir='ltr'><strong>Casilinum</strong></span> <span class='ocrx_word' id='word_1_212' title='bbox 591 2411 673 2469; x_wconf 88' lang='lat' dir='ltr'><strong>redit.</strong></span> <span class='ocrx_word' id='word_1_213' title='bbox 693 2410 752 2481; x_wconf 92' lang='lat' dir='ltr'><strong>ubi,</strong></span> <span class='ocrx_word' id='word_1_214' title='bbox 774 2427 935 2488; x_wconf 87' lang='lat' dir='ltr'><strong>quanquam</strong></span> <span class='ocrx_word' id='word_1_215' title='bbox 950 2412 988 2468; x_wconf 91' lang='lat' dir='ltr'><strong>ab</strong></span> <span class='ocrx_word' id='word_1_216' title='bbox 1002 2427 1052 2486; x_wconf 92' lang='lat' dir='ltr'><strong>op·</strong></span> 
     </span>
     <span class='ocr_line' id='line_1_30' title="bbox 144 2485 1053 2562; baseline 0.002 -22"><span class='ocrx_word' id='word_1_217' title='bbox 144 2485 321 2562; x_wconf 78' lang='lat' dir='ltr'><strong>pugnatione</strong></span> <span class='ocrx_word' id='word_1_218' title='bbox 334 2498 477 2546; x_wconf 89' lang='lat' dir='ltr'><strong>cessatum</strong></span> <span class='ocrx_word' id='word_1_219' title='bbox 491 2499 562 2555; x_wconf 87' lang='lat' dir='ltr'><strong>erat,</strong></span> <span class='ocrx_word' id='word_1_220' title='bbox 576 2487 687 2546; x_wconf 91' lang='lat' dir='ltr'><strong>obsidio</strong></span> <span class='ocrx_word' id='word_1_221' title='bbox 711 2498 809 2546; x_wconf 88' lang='lat' dir='ltr'><strong>tamen</strong></span> <span class='ocrx_word' id='word_1_222' title='bbox 821 2488 989 2546; x_wconf 85' lang='lat' dir='ltr'><strong>continuata</strong></span> <span class='ocrx_word' id='word_1_223' title='bbox 1002 2503 1053 2562; x_wconf 90' lang='lat' dir='ltr'><strong>op-</strong></span> 
     </span>
     <span class='ocr_line' id='line_1_31' title="bbox 144 2561 1054 2640; baseline 0.003 -23"><span class='ocrx_word' id='word_1_224' title='bbox 144 2561 266 2638; x_wconf 88' lang='lat' dir='ltr'><strong>pidanos</strong></span> <span class='ocrx_word' id='word_1_225' title='bbox 287 2563 515 2640; x_wconf 85' lang='lat' dir='ltr'><strong>praesidiumque</strong></span> <span class='ocrx_word' id='word_1_226' title='bbox 535 2565 573 2622; x_wconf 86' lang='lat' dir='ltr'><strong>ad</strong></span> <span class='ocrx_word' id='word_1_227' title='bbox 594 2565 726 2622; x_wconf 88' lang='lat' dir='ltr'><strong>ultimum</strong></span> <span class='ocrx_word' id='word_1_228' title='bbox 750 2567 863 2640; x_wconf 84' lang='lat' dir='ltr'><strong>inopiae</strong></span> <span class='ocrx_word' id='word_1_229' title='bbox 885 2562 1054 2622; x_wconf 78' lang='lat' dir='ltr'><strong>adduxerat.</strong></span> 
     </span>
     <span class='ocr_line' id='line_1_32' title="bbox 147 2637 1053 2717; baseline 0.002 -21"><span class='ocrx_word' id='word_1_230' title='bbox 147 2637 256 2696; x_wconf 89' lang='lat' dir='ltr'><strong>Castris</strong></span> <span class='ocrx_word' id='word_1_231' title='bbox 271 2639 409 2696; x_wconf 87' lang='lat' dir='ltr'><strong>Romanis</strong></span> <span class='ocrx_word' id='word_1_232' title='bbox 423 2641 467 2698; x_wconf 88' lang='lat' dir='ltr'><strong>Ti.</strong></span> <span class='ocrx_word' id='word_1_233' title='bbox 483 2639 668 2717; x_wconf 87' lang='lat' dir='ltr'><strong>Sempronius</strong></span> <span class='ocrx_word' id='word_1_234' title='bbox 687 2654 827 2717; x_wconf 84' lang='lat' dir='ltr'><strong>praeerat,</strong></span> <span class='ocrx_word' id='word_1_235' title='bbox 849 2639 989 2699; x_wconf 87' lang='lat' dir='ltr'><strong>dictatore</strong></span> <span class='ocrx_word' id='word_1_236' title='bbox 1003 2658 1053 2698; x_wconf 92' lang='lat' dir='ltr'><strong>au·</strong></span> 
     </span>
     <span class='ocr_line' id='line_1_33' title="bbox 145 2715 1053 2794; baseline 0.006 -22"><span class='ocrx_word' id='word_1_237' title='bbox 145 2715 299 2792; x_wconf 77' lang='lat' dir='ltr'><strong>opitiorum</strong></span> <span class='ocrx_word' id='word_1_238' title='bbox 313 2717 533 2794; x_wconf 88' lang='lat' dir='ltr'><strong>repetendorum</strong></span> <span class='ocrx_word' id='word_1_239' title='bbox 547 2719 635 2776; x_wconf 73' lang='lat' dir='ltr'><strong>eausa</strong></span> <span class='ocrx_word' id='word_1_240' title='bbox 647 2718 777 2794; x_wconf 86' lang='lat' dir='ltr'><strong>proiecto</strong></span> <span class='ocrx_word' id='word_1_241' title='bbox 801 2718 932 2774; x_wconf 85' lang='lat' dir='ltr'><strong>Romam.</strong></span> <span class='ocrx_word' id='word_1_242' title='bbox 972 2717 1053 2777; x_wconf 88' lang='lat' dir='ltr'><strong>Mar·</strong></span> 
     </span>
     <span class='ocr_line' id='line_1_34' title="bbox 144 2786 1052 2872; baseline 0.004 -22"><span class='ocrx_word' id='word_1_243' title='bbox 144 2793 260 2860; x_wconf 84' lang='lat' dir='ltr'><strong>cellum,</strong></span> <span class='ocrx_word' id='word_1_244' title='bbox 282 2803 310 2851; x_wconf 90' lang='lat' dir='ltr'><strong>et</strong></span> <span class='ocrx_word' id='word_1_245' title='bbox 332 2794 435 2872; x_wconf 89' lang='lat' dir='ltr'><strong>ipsum,</strong></span> <span class='ocrx_word' id='word_1_246' title='bbox 448 2795 614 2872; x_wconf 83' lang='lat' dir='ltr'><strong>cupientem</strong></span> <span class='ocrx_word' id='word_1_247' title='bbox 632 2795 707 2853; x_wconf 88' lang='lat' dir='ltr'><strong>ierre</strong></span> <span class='ocrx_word' id='word_1_248' title='bbox 720 2786 856 2854; x_wconf 65' lang='lat' dir='ltr'><strong>suillium</strong></span> <span class='ocrx_word' id='word_1_249' title='bbox 869 2797 1002 2865; x_wconf 84' lang='lat' dir='ltr'><strong>obsessis,</strong></span> <span class='ocrx_word' id='word_1_250' title='bbox 1022 2809 1052 2856; x_wconf 92' lang='lat' dir='ltr'><strong>et</strong></span> 
     </span>
     <span class='ocr_line' id='line_1_35' title="bbox 146 2869 1053 2951; baseline 0.007 -25"><span class='ocrx_word' id='word_1_251' title='bbox 146 2869 305 2929; x_wconf 83' lang='lat' dir='ltr'><strong>Vulturnus</strong></span> <span class='ocrx_word' id='word_1_252' title='bbox 319 2873 410 2930; x_wconf 88' lang='lat' dir='ltr'><strong>amnis</strong></span> <span class='ocrx_word' id='word_1_253' title='bbox 424 2873 538 2931; x_wconf 89' lang='lat' dir='ltr'><strong>inflatus</strong></span> <span class='ocrx_word' id='word_1_254' title='bbox 552 2872 641 2950; x_wconf 89' lang='lat' dir='ltr'><strong>aquis,</strong></span> <span class='ocrx_word' id='word_1_255' title='bbox 656 2885 685 2932; x_wconf 88' lang='lat' dir='ltr'><strong>et</strong></span> <span class='ocrx_word' id='word_1_256' title='bbox 699 2891 798 2951; x_wconf 86' lang='lat' dir='ltr'><strong>preces</strong></span> <span class='ocrx_word' id='word_1_257' title='bbox 812 2873 988 2932; x_wconf 87' lang='lat' dir='ltr'><strong>Nolanorum</strong></span> <span class='ocrx_word' id='word_1_258' title='bbox 1009 2886 1053 2934; x_wconf 89' lang='lat' dir='ltr'><strong>at-</strong></span> 
     </span>
     <span class='ocr_line' id='line_1_36' title="bbox 145 2951 1052 3030; baseline 0.002 -24"><span class='ocrx_word' id='word_1_259' title='bbox 145 2966 201 3025; x_wconf 91' lang='lat' dir='ltr'><strong>que</strong></span> <span class='ocrx_word' id='word_1_260' title='bbox 226 2951 446 3020; x_wconf 82' lang='lat' dir='ltr'><strong>Acerranorum,</strong></span> <span class='ocrx_word' id='word_1_261' title='bbox 471 2953 619 3020; x_wconf 85' lang='lat' dir='ltr'><strong>tenebant,</strong></span> <span class='ocrx_word' id='word_1_262' title='bbox 642 2953 806 3030; x_wconf 86' lang='lat' dir='ltr'><strong>Campanos</strong></span> <span class='ocrx_word' id='word_1_263' title='bbox 826 2952 998 3020; x_wconf 86' lang='lat' dir='ltr'><strong>timentium,</strong></span> <span class='ocrx_word' id='word_1_264' title='bbox 1029 2951 1052 3008; x_wconf 91' lang='lat' dir='ltr'><strong>si</strong></span> 
     </span>
     <span class='ocr_line' id='line_1_37' title="bbox 146 3027 1052 3102; baseline 0.004 -21"><span class='ocrx_word' id='word_1_265' title='bbox 146 3027 319 3102; x_wconf 87' lang='lat' dir='ltr'><strong>praesidium</strong></span> <span class='ocrx_word' id='word_1_266' title='bbox 335 3030 498 3087; x_wconf 83' lang='lat' dir='ltr'><strong>Romanum</strong></span> <span class='ocrx_word' id='word_1_267' title='bbox 515 3029 709 3088; x_wconf 85' lang='lat' dir='ltr'><strong>abscessisset.</strong></span> <span class='ocrx_word' id='word_1_268' title='bbox 749 3031 909 3099; x_wconf 87' lang='lat' dir='ltr'><strong>Gracchus,</strong></span> <span class='ocrx_word' id='word_1_269' title='bbox 923 3033 1052 3088; x_wconf 86' lang='lat' dir='ltr'><strong>assidens</strong></span> 
     </span>
     <span class='ocr_line' id='line_1_38' title="bbox 146 3103 1052 3184; baseline 0.003 -24"><span class='ocrx_word' id='word_1_270' title='bbox 146 3103 258 3162; x_wconf 80' lang='lat' dir='ltr'><strong>tantum</strong></span> <span class='ocrx_word' id='word_1_271' title='bbox 279 3106 419 3174; x_wconf 72' lang='lat' dir='ltr'><strong>Casilino,</strong></span> <span class='ocrx_word' id='word_1_272' title='bbox 448 3109 514 3182; x_wconf 88' lang='lat' dir='ltr'><strong>quia</strong></span> <span class='ocrx_word' id='word_1_273' title='bbox 539 3105 717 3184; x_wconf 87' lang='lat' dir='ltr'><strong>praedictum</strong></span> <span class='ocrx_word' id='word_1_274' title='bbox 740 3109 817 3166; x_wconf 79' lang='lat' dir='ltr'><strong>erat&#39;</strong></span> <span class='ocrx_word' id='word_1_275' title='bbox 831 3109 987 3176; x_wconf 85' lang='lat' dir='ltr'><strong>dictatoris,</strong></span> <span class='ocrx_word' id='word_1_276' title='bbox 1012 3125 1052 3163; x_wconf 90' lang='lat' dir='ltr'><strong>ne</strong></span> 
     </span>
    </p>
   </div>
   <div class='ocr_carea' id='block_1_10' title="bbox 145 3179 1143 3262">
    <p class='ocr_par' dir='ltr' id='par_1_13' title="bbox 145 3179 1143 3262">
     <span class='ocr_line' id='line_1_39' title="bbox 145 3179 1143 3262; baseline 0.003 -26"><span class='ocrx_word' id='word_1_277' title='bbox 145 3179 245 3257; x_wconf 82' lang='lat' dir='ltr'><strong>quida</strong></span> <span class='ocrx_word' id='word_1_278' title='bbox 281 3194 348 3241; x_wconf 92' lang='lat' dir='ltr'><strong>ente</strong></span> <span class='ocrx_word' id='word_1_279' title='bbox 368 3201 403 3240; x_wconf 90' lang='lat' dir='ltr'><strong>eo</strong></span> <span class='ocrx_word' id='word_1_280' title='bbox 423 3185 464 3241; x_wconf 86' lang='lat' dir='ltr'><strong>rei</strong></span> <span class='ocrx_word' id='word_1_281' title='bbox 484 3195 604 3258; x_wconf 76' lang='lat' dir='ltr'><strong>gereret,</strong></span> <span class='ocrx_word' id='word_1_282' title='bbox 625 3183 695 3240; x_wconf 89' lang='lat' dir='ltr'><strong>nibil</strong></span> <span class='ocrx_word' id='word_1_283' title='bbox 715 3187 867 3244; x_wconf 86' lang='lat' dir='ltr'><strong>movebat=</strong></span> <span class='ocrx_word' id='word_1_284' title='bbox 889 3201 1051 3262; x_wconf 90' lang='lat' dir='ltr'><strong>quanquam</strong></span> <span class='ocrx_word' id='word_1_285' title='bbox 1140 3254 1143 3260; x_wconf 71' lang='lat'>‚</span> 
     </span>
    </p>
   </div>
   <div class='ocr_carea' id='block_1_11' title="bbox 144 3258 1052 3484">
    <p class='ocr_par' dir='ltr' id='par_1_14' title="bbox 144 3258 1052 3484">
     <span class='ocr_line' id='line_1_40' title="bbox 147 3258 1052 3336; baseline -0.002 -21"><span class='ocrx_word' id='word_1_286' title='bbox 147 3273 222 3334; x_wconf 87' lang='lat' dir='ltr'><strong>quae</strong></span> <span class='ocrx_word' id='word_1_287' title='bbox 271 3258 325 3316; x_wconf 86' lang='lat' dir='ltr'><strong>olle</strong></span> <span class='ocrx_word' id='word_1_288' title='bbox 344 3279 459 3318; x_wconf 89' lang='lat' dir='ltr'><strong>omnem</strong></span> <span class='ocrx_word' id='word_1_289' title='bbox 479 3261 645 3336; x_wconf 86' lang='lat' dir='ltr'><strong>patientiam</strong></span> <span class='ocrx_word' id='word_1_290' title='bbox 665 3263 821 3331; x_wconf 83' lang='lat' dir='ltr'><strong>vincerent,</strong></span> <span class='ocrx_word' id='word_1_291' title='bbox 841 3265 1052 3320; x_wconf 87' lang='lat' dir='ltr'><strong>nunciabantur</strong></span> 
     </span>
     <span class='ocr_line' id='line_1_41' title="bbox 145 3335 1052 3417; baseline -0.002 -23"><span class='ocrx_word' id='word_1_292' title='bbox 145 3335 403 3405; x_wconf 62' lang='lat' dir='ltr'><strong>wastinensis,</strong></span> <span class='ocrx_word' id='word_1_293' title='bbox 425 3350 455 3395; x_wconf 90' lang='lat' dir='ltr'><strong>et</strong></span> <span class='ocrx_word' id='word_1_294' title='bbox 475 3338 676 3416; x_wconf 70' lang='lat' dir='ltr'><strong>piraeeipitisse</strong></span> <span class='ocrx_word' id='word_1_295' title='bbox 693 3357 724 3397; x_wconf 87' lang='lat' dir='ltr'><strong>se</strong></span> <span class='ocrx_word' id='word_1_296' title='bbox 745 3339 882 3417; x_wconf 78' lang='lat' dir='ltr'><strong>quostiam</strong></span> <span class='ocrx_word' id='word_1_297' title='bbox 903 3355 958 3393; x_wconf 90' lang='lat' dir='ltr'><strong>non</strong></span> <span class='ocrx_word' id='word_1_298' title='bbox 980 3335 1052 3392; x_wconf 88' lang='lat' dir='ltr'><strong>tole-</strong></span> 
     </span>
     <span class='ocr_line' id='line_1_42' title="bbox 144 3412 1050 3484; baseline 0 -14"><span class='ocrx_word' id='word_1_299' title='bbox 144 3424 243 3471; x_wconf 87' lang='lat' dir='ltr'><strong>rantes</strong></span> <span class='ocrx_word' id='word_1_300' title='bbox 268 3413 383 3481; x_wconf 79' lang='lat' dir='ltr'><strong>ismem,</strong></span> <span class='ocrx_word' id='word_1_301' title='bbox 412 3417 572 3484; x_wconf 82' lang='lat' dir='ltr'><strong>constabat,</strong></span> <span class='ocrx_word' id='word_1_302' title='bbox 599 3427 629 3474; x_wconf 85' lang='lat' dir='ltr'><strong>et</strong></span> <span class='ocrx_word' id='word_1_303' title='bbox 656 3427 731 3474; x_wconf 88' lang='lat' dir='ltr'><strong>stare</strong></span> <span class='ocrx_word' id='word_1_304' title='bbox 757 3419 879 3484; x_wconf 82' lang='lat' dir='ltr'><strong>inermes</strong></span> <span class='ocrx_word' id='word_1_305' title='bbox 905 3413 933 3468; x_wconf 89' lang='lat' dir='ltr'><strong>in</strong></span> <span class='ocrx_word' id='word_1_306' title='bbox 954 3412 1050 3481; x_wconf 86' lang='lat' dir='ltr'><strong>muris,</strong></span> 
     </span>
    </p>
   </div>
   <div class='ocr_carea' id='block_1_12' title="bbox 137 3488 1177 3580">
    <p class='ocr_par' dir='ltr' id='par_1_15' title="bbox 137 3488 1177 3580">
     <span class='ocr_line' id='line_1_43' title="bbox 137 3488 1177 3580; baseline 0.003 -34"><span class='ocrx_word' id='word_1_307' title='bbox 137 3490 222 3550; x_wconf 69' lang='lat' dir='ltr'><strong>,sada</strong></span> <span class='ocrx_word' id='word_1_308' title='bbox 249 3509 368 3580; x_wconf 70' lang='lat' dir='ltr'><strong>corpora</strong></span> <span class='ocrx_word' id='word_1_309' title='bbox 394 3492 431 3552; x_wconf 86' lang='lat' dir='ltr'><strong>ad</strong></span> <span class='ocrx_word' id='word_1_310' title='bbox 456 3488 602 3552; x_wconf 83' lang='lat' dir='ltr'><strong>missilium</strong></span> <span class='ocrx_word' id='word_1_311' title='bbox 618 3494 747 3552; x_wconf 78' lang='lat' dir='ltr'><strong>telorum</strong></span> <span class='ocrx_word' id='word_1_312' title='bbox 770 3493 844 3547; x_wconf 88' lang='lat' dir='ltr'><strong>ictus</strong></span> <span class='ocrx_word' id='word_1_313' title='bbox 870 3488 1066 3565; x_wconf 85' lang='lat' dir='ltr'><strong>praebentes..</strong></span> <span class='ocrx_word' id='word_1_314' title='bbox 1163 3539 1177 3558; x_wconf 73' lang='grc'>,</span> 
     </span>
    </p>
   </div>
   <div class='ocr_carea' id='block_1_13' title="bbox 0 0 1209 3932">
    <p class='ocr_par' dir='ltr' id='par_1_16' title="bbox 0 0 1209 3932">
     <span class='ocr_line' id='line_1_44' title="bbox 0 0 1209 3932; baseline 0 0"><span class='ocrx_word' id='word_1_315' title='bbox 0 0 1209 3932; x_wconf 95' lang='lat' dir='ltr'><strong> </strong></span> 
     </span>
    </p>
   </div>
  </div>
 </body>
</html>
