2534 4010
179 205 200 262 ὖ
534 197 570 260 'L
598 201 741 260 LIVII

123 411 125 418 ,
180 355 364 416 hauddubie
385 355 536 415 imminens
556 368 680 417 orantes.
720 355 861 418 Consules
884 367 956 418 tunc
979 361 1093 420 Romae

39 491 40 498 ,
82 497 94 508 ,
178 447 263 494 erant
284 435 317 492 P.
339 435 487 494 Cornelius
516 435 611 514 Scipio
632 450 662 495 et
683 435 728 494 Ti.
750 436 934 514 Sempronius
954 437 1075 515 Longus

183 511 232 592 qui
250 531 346 590 quum,
368 513 469 590 legatia
489 513 518 572 in
540 525 672 572 senatum
691 515 869 582 introductis,
891 514 928 574 de
946 518 1095 594 republica

183 589 354 660 retulissent,
369 591 579 670 placuissetque
593 595 668 652 mitti
681 594 792 672 legatas
811 594 840 652 in
866 593 1037 672 Hispaniam
1056 595 1095 651 ad

182 677 229 727 res
252 668 394 727 sociorum
418 670 761 759 inspiciendaquuibus
788 673 811 731 si
838 673 982 732 videretur
1005 671 1093 748 digna

182 763 280 816 causa,
294 758 325 804 et
340 747 497 808 Hannibali
511 749 726 821 denunciarent,
747 762 780 809 ut
800 753 838 809 ab
854 751 1027 828 Saguntinis,
1048 767 1095 807 so-

183 824 234 883 ciis
247 826 345 902 populi
360 826 493 898 Romani,
508 830 673 899 abstineret,
694 841 723 886 et
738 829 947 907 Karthaginem
966 830 996 886 in
1018 827 1096 906 Alrlf

130 898 141 914 '
184 919 249 960 cam
263 903 434 981 trajicerent,
449 923 485 965 ac
498 911 637 967 sociorum
652 906 750 983 populi
764 906 890 966 Romani
907 906 1097 986 querimonias

184 981 347 1050 deferrent;
366 983 421 1044 hac
435 985 578 1064 legatique
586 985 711 1052 decreta,
723 985 847 1042 necdum
862 987 957 1053 missa,
969 985 1097 1043 omniurn
1169 1004 1170 1013 ¹

184 1077 238 1138 spe
251 1060 371 1122 celerius
386 1064 546 1140 Saguntum
559 1061 717 1140 oppugnari
731 1060 917 1133 allatumeat.
952 1063 1041 1128 Tunc
1053 1080 1098 1119 re·

185 1139 246 1199 lata
259 1155 296 1199 ex
309 1142 421 1216 integro
434 1155 480 1198 rea
493 1137 530 1197 ad
544 1151 684 1197 senatum.
729 1139 794 1209 Alii,
814 1140 973 1218 provincias
993 1155 1097 1196 consu·

186 1217 262 1275 libus
277 1217 445 1294 Hispaniam
464 1229 550 1294 atque
572 1217 701 1276 Africam
720 1218 917 1285 decernentes,
941 1216 1019 1276 terrd
1037 1234 1099 1274 rna-

186 1295 266 1370 rique
280 1309 340 1351 rem
354 1294 508 1369 gerendam
522 1297 700 1356 censebant:
718 1297 766 1352 alii
779 1306 872 1353 toturn
886 1295 916 1352 in
927 1295 1098 1373 Hispaniam

188 1369 441 1448 Hannibalemque
467 1369 656 1430 intendebant
678 1373 796 1431 bellum.
847 1371 947 1443 Erant,
970 1372 1018 1451 qui
1039 1391 1099 1430 non

188 1459 297 1506 temere
311 1449 480 1507 movendam
494 1469 555 1508 rem
570 1461 689 1521 tantam,
703 1451 956 1528 expectandosque
976 1469 1013 1510 ax
1028 1451 1099 1508 His·

187 1526 273 1604 pania
285 1527 404 1602 legatos,
419 1539 578 1587 censerent.
618 1527 703 1588 Haec
720 1530 872 1600 sententia,
893 1547 968 1610 quae
991 1527 1100 1588 tanasi-

187 1621 235 1661 ma
248 1603 406 1674 videbatur,
420 1606 506 1664 ricit:
527 1605 671 1686 legatique
685 1625 720 1666 co
733 1608 872 1667 matarius
885 1607 973 1678 missi,
994 1607 1028 1665 P.
1043 1607 1100 1664 Va-

186 1681 276 1740 lerius
296 1680 418 1742 Flaccus
434 1698 465 1760 ¹et
487 1687 523 1750 Q.
545 1687 670 1744 Baebius
688 1686 866 1762 Tamphilus,
883 1687 1045 1762 Saguntum
1063 1686 1102 1744 ad

189 1759 395 1829 Hannibalem,
416 1774 502 1839 atque
529 1763 596 1820 inde
620 1761 838 1838 Karthaginem,
857 1762 882 1820 si
902 1779 960 1820 non
981 1765 1101 1822 absiste·

187 1853 267 1973 pietur
287 1839 373 1974 belga,
395 1840 433 1898 ad
452 1840 557 1898 ducem
577 1839 670 1917 ipsum
690 1839 720 1897 in
740 1855 863 1918 poenam
880 1839 1004 1899 foederis
1024 1842 1101 1920 rapti

210 1934 225 1974 e
266 1933 412 1974 scenam.

226 1933 296 2054 li'oll.
317 1995 397 2054 Dou
412 2013 447 2054 ea
462 1995 586 2055 Romani
599 2007 700 2074 parant
720 1997 950 2076 consultantque,
968 2000 1028 2076 jam
1051 1997 1104 2058 Sa-

187 2084 308 2150 guntum
324 2075 436 2134 summa
449 2074 475 2132 vi
490 2077 720 2154 oppugnabatur.
761 2077 868 2136 Civitas
881 2095 917 2135 ea
930 2076 1016 2154 longe
1030 2095 1101 2154 opu·

188 2151 346 2211 lentissima
365 2154 441 2212 ultra
461 2153 578 2212 lberam
598 2153 661 2222 fuit,
683 2155 738 2212 sita
756 2173 858 2230 passas
877 2154 955 2211 mille
975 2155 1103 2212 sermea

182 2229 271 2287 anari.
310 2231 432 2291 Oriundi
458 2249 476 2289 a
502 2231 654 2309 Zacyntho
680 2232 773 2288 insula
793 2231 938 2298 dicuntur,
963 2230 1103 2308 mixtique

190 2307 276 2367 etiarn
290 2309 328 2367 ab
345 2309 444 2367 Ardea
458 2308 632 2368 Rutulorum
648 2307 765 2386 quidam
784 2308 906 2386 generis.
924 2318 1053 2367 ceterum
1070 2309 1103 2368 in

191 2398 286 2446 tantas
306 2387 386 2446 brevi
406 2397 554 2446 creverant
575 2403 654 2464 opes,
678 2405 730 2446 seu
750 2387 906 2455 maritimis,
928 2403 980 2445 seu
1000 2397 1103 2446 terres·

190 2465 283 2525 tribus
295 2465 444 2535 fructibus,
466 2485 518 2526 seu
531 2465 721 2523 multitudinis
739 2465 927 2534 incremento,
945 2480 999 2524 aaa
1022 2481 1105 2524 sano

191 2545 277 2606 ritate
295 2544 471 2624 dispiplinae,
492 2546 550 2622 quia
571 2543 658 2602 fidem
680 2543 814 2602 socialem
839 2560 929 2622 utque
949 2542 988 2601 ad
1010 2543 1124 2620 pemi,
1226 2547 1227 2550 ’

190 2623 267 2681 ciem
288 2641 371 2683 raam
396 2624 555 2684 coluerunt.
602 2622 760 2694 Hannibal,
783 2622 886 2682 infesto
910 2620 1112 2688 exercituin..

191 2701 400 2777 gremusfines,
421 2703 589 2780 pervastatis
609 2702 715 2781 passim
735 2701 819 2779 agria,
841 2703 942 2760 urbem
962 2701 1105 2776 tripartito

190 2775 366 2854 aggreditur.
406 2781 541 2854 Angulus
561 2782 634 2836 muri
655 2792 717 2836 erat
738 2775 942 2854 inplaniorem
958 2775 1106 2852 patentio-

192 2871 319 2932 remque,
348 2872 434 2931 quam
460 2866 556 2914 cetera
579 2855 663 2921 circa,
691 2851 794 2910 vallem
817 2869 946 2928 vergens.
968 2851 1107 2914 adversus

191 2949 259 2992 eum
273 2931 370 2989 vineas
383 2947 469 3008 agere
482 2929 613 2998 institnit,
626 2947 680 3007 per
698 2945 769 3006 quas
789 2929 861 2988 aries
880 2929 1032 2989 moenibus
1052 2929 1121 2994 arb.
1226 2938 1227 3008 ζ

193 3010 301 3070 moveri
314 3019 419 3086 posset.
461 3009 528 3077 Sed,
542 3019 574 3068 ut
589 3007 670 3065 locus
683 3007 783 3086 procul
802 3025 884 3067 muro
906 3009 975 3068 tatis
994 3027 1105 3089 aequus
1226 3011 1227 3038 ³

193 3088 313 3166 agendis
326 3085 415 3145 vineis
427 3085 491 3158 fuit,
504 3086 547 3146 ita
559 3085 781 3165 haudquaquam
794 3105 939 3167 prospera,
951 3101 1104 3168 postquam

190 3167 231 3225 ad
251 3165 387 3224 effectum
407 3165 501 3243 operia
521 3175 639 3224 ventum
662 3179 715 3236 est,
735 3166 846 3245 coeptis
868 3163 1053 3227 succedebat.
1073 3181 1104 3229 st

192 3243 278 3304 turris
291 3242 393 3320 ingens
405 3243 589 3303 imminebatr
610 3255 641 3302 at
654 3261 761 3315 maras,
776 3256 808 3304 at
821 3245 851 3304 in
874 3255 1009 3326 suspecto
1029 3248 1103 3316 lom,

155 3393 162 3404 ι
194 3339 281 3403 supra
300 3335 414 3382 ceterae
432 3323 550 3382 modum
563 3321 727 3383 'altitudinis
746 3323 891 3384 amonitus
911 3335 992 3385 eratt
1011 3335 1041 3385 et
1056 3327 1103 3402 ju·

192 3414 297 3464 ventas
309 3401 432 3472 delecta
446 3402 497 3462 ubi
516 3401 670 3481 plurimum
727 3402 808 3462 ricali
827 3419 864 3463 ac
881 3405 988 3464 laboris
1008 3412 1102 3462 onan·

193 3482 326 3556 debatur,
345 3481 386 3544 ibi
405 3482 434 3542 ri
453 3483 563 3562 majam
582 3479 690 3544 obsiste
749 3493 771 3544 t.
812 3486 860 3546 Ac
878 3483 970 3566 primo
990 3477 1103 3540 moiri·
1214 3487 1218 3494 “
