2386 3930
148 203 212 288 ‘ass
353 233 363 244 „
507 218 543 280 Τ.
571 218 711 280 trvrt

148 373 298 460 'postiemo
321 376 361 434 ita
384 375 565 434 assuetudine
588 371 658 432 mali
682 373 866 434 efferaverant
886 377 1007 454 animos,
1029 389 1065 438 ut

147 467 212 517 'non
231 455 317 514 modo
340 453 469 520 lacrimis,
491 455 627 529 justoque
646 453 1065 536 complurisqprosequeren-

146 533 199 594 'tur
226 545 362 601 mortuos,
385 530 435 587 sed
459 547 496 588 ne
518 529 651 612 efferrent
674 531 797 606 quidem,
818 543 868 590 aut
894 535 1064 610 sepelirent,

146 616 335 687 '‘acerentque
358 616 447 665 strata
471 604 603 665 exanima
622 626 741 688 corpora
762 609 789 665 in
803 623 959 687 conspectu
980 612 1065 668 simi·

163 709 209 748 em
235 699 355 744 mortem
377 685 628 762 exspectantium
658 687 817 764 mortuique
844 703 952 764 aegros,
979 689 1063 764 aegri

144 765 267 833 'validos
287 781 354 821 cum
377 775 467 831 metu,
482 777 544 823 tum
564 763 632 821 tabe
646 781 681 820 ac
703 765 837 840 pestifero
857 765 944 822 odore
958 783 1061 841 corpo-

147 839 220 912 rum,
235 841 420 917 conficerent.
434 853 473 910 et,
491 852 525 898 ut
537 840 610 898 ferro
632 841 729 930 potius
742 855 928 911 morerentur,
943 841 1062 919 quidam

108 973 110 980 Α
144 919 323 988 invadebant
347 919 399 975 soli
426 917 551 978 hostiurn
574 927 719 976 statrones.
773 919 870 976 Multo
899 932 994 978 tamen
1015 921 1061 978 vis

148 1000 239 1075 major
258 995 347 1074 pestis
370 995 532 1054 Poenorum
552 1008 653 1064 castra,
668 1015 754 1072 quarn
775 995 916 1070 Romana,
932 997 992 1074 (diu
1005 997 1060 1055 cir-

142 1075 343 1154 cumsedendo
359 1073 514 1150 Syracusas
534 1073 614 1131 coelo
627 1073 765 1151 aquisque
787 1075 943 1138 adsuerant
956 1076 1059 1152 magis)

148 1153 293 1211 affecerat.
333 1149 379 1220 Ex
399 1149 524 1208 hostiurn
546 1151 673 1208 exercitu
699 1151 796 1221 Siculi,
820 1162 853 1208 ut
875 1152 998 1228 primum
1018 1153 1060 1209 vi·-

144 1223 218 1288 'dere
232 1249 269 1288 ex
289 1227 428 1304 gravitate
448 1227 503 1284 loci
524 1228 632 1301 vulgari
656 1231 780 1296 morbos,
800 1228 828 1285 in
852 1247 918 1286 suas
939 1230 1059 1306 quisque

144 1307 318 1382 propinquas
332 1305 416 1360 urbes
429 1303 530 1378 dilapsi
550 1315 636 1361 sunt:
666 1315 696 1362 at
718 1305 981 1380 Karthaginienses,
997 1307 1059 1383 qui-

143 1385 199 1440 bus
219 1397 357 1456 nusquam
378 1388 510 1454 receptus
533 1393 601 1443 erat,
617 1394 683 1436 cum
706 1380 776 1466 ipsis
794 1382 926 1450 ducibus,
943 1383 1058 1460 Hippo·

141 1467 223 1516 'crate
236 1469 324 1532 atque
345 1453 519 1523 Himilcone,
534 1452 573 1510 ad
591 1453 814 1512 internecionem
838 1475 939 1514 omnes
963 1462 1064 1534 peric«

140 1539 219 1593 runt.
259 1531 426 1600 Marcellus,
450 1543 483 1594 ut
506 1543 587 1589 tanta
605 1531 648 1588 vis
667 1532 817 1608 ingruebat
837 1533 913 1600 tnali,
935 1536 1057 1592 tradux-

145 1625 207 1672 erat
220 1613 249 1669 in
263 1611 363 1674 urbem
378 1619 463 1666 suos:
484 1609 650 1686 infirmaque
671 1627 790 1684 corpora
803 1619 880 1666 tecta
893 1620 922 1667 et
935 1613 1057 1671 umbrae

142 1685 351 1749 recreaverunt.
370 1687 453 1744 multi
477 1697 571 1747 tamen
596 1705 634 1742 ex
654 1685 787 1744 Romano
807 1687 934 1746 exercitu
954 1690 1056 1748 eadem

142 1779 226 1846 peste
241 1764 385 1842 absumpti
399 1775 474 1822 sunt.

184 1843 310 1902 XXVII.
360 1839 492 1896 Dnnnro
514 1841 639 1898 terrestri
662 1839 770 1898 Punico
795 1841 931 1910 exercitu,
956 1842 1054 1914 Siculi,

141 1921 192 1999 'qui
206 1917 391 1994 Hippocratis
405 1915 508 1974 milites
525 1917 648 1986 fuerant,
663 1916 692 1973 in
713 1917 792 1978 haud
813 1937 919 1994 magna
938 1919 1054 1997 oppida,

123 1993 270 2056 *ceterum
285 2005 314 2051 et
339 1993 395 2049 situ
409 2005 438 2049 et
462 1993 647 2052 munimentis
666 1995 739 2064 tuta,
753 1995 817 2068 (tria
831 1997 918 2054 millia
931 1998 1053 2054 alterum

141 2075 179 2132 ab
205 2069 361 2149 Syracusis,
375 2069 498 2127 alterum
514 2071 676 2147 quindecim
701 2074 794 2150 abest)
808 2092 843 2130 eo
864 2069 897 2131 'et
909 2093 1053 2132 commea·

138 2158 188 2209 tus
202 2169 218 2206 e
232 2148 400 2207 civitatibus
416 2148 723 2226 suiscornportnbant,
746 2161 775 2207 et
801 2149 906 2207 auxilia
926 2169 1053 2210 arcesse·

141 2231 221 2287 bant
242 2225 357 2284 Interea
368 2223 520 2295 Bomilcar,
531 2227 634 2285 iterum
645 2245 711 2284 cum
721 2225 812 2284 classe
822 2227 965 2302 proiectus
976 2227 1052 2285 Kar:

139 2304 297 2382 thaginem,
318 2305 359 2361 ita
379 2303 509 2377 exposita
527 2302 642 2360 fortuna
655 2302 803 2370 sociorum,
824 2314 857 2358 ut
880 2321 959 2378 spem
972 2303 1051 2362 face-

140 2394 193 2452 ret,
214 2401 271 2439 non
285 2381 353 2457 ipsis
367 2379 452 2438 modo
467 2379 620 2438 salutarem
634 2397 718 2455 opem
736 2377 802 2435 ferri
815 2389 909 2455 posse,
924 2380 975 2438 sed
990 2379 1051 2440 Ro·
1104 2443 1114 2460 ἱ

140 2479 241 2520 manos
261 2457 423 2536 quoque‘in
437 2467 522 2534 capta
542 2452 752 2532 quodammodo
774 2459 845 2514 urbe
859 2459 931 2534 capi,
946 2477 1050 2536 perpu·

138 2539 183 2607 iit,
198 2550 231 2596 ut
250 2537 391 2596 onerarias
404 2553 491 2594 naves
505 2551 589 2612 quam
599 2532 753 2610 plurimus,
768 2535 845 2591 omni
860 2536 941 2612 copia
954 2553 1050 2594 rerum

102 2617 106 2624 “
141 2625 268 2684 onustas,
289 2631 387 2674 seeum
413 2611 568 2681 mitterent,
594 2611 770 2689 classemque
797 2631 877 2670 suam
902 2625 1051 2689 augerent.

140 2691 241 2768 Igitur,
262 2706 378 2750 centum
398 2692 515 2768 triginta
534 2689 654 2750 navibus
683 2689 776 2766 longis
804 2703 833 2749 et
863 2691 1049 2768 septingentis

124 2768 274 2828 ,onerariis
288 2769 433 2845 profectus
453 2786 471 2825 a
491 2767 679 2844 Karthagine,
694 2768 762 2824 satis
780 2787 929 2844 prosperos
948 2781 1048 2828 ventos

139 2843 177 2903 ad
196 2844 396 2920 trajiciendum
410 2847 439 2901 in
461 2845 586 2902 Siciliam
607 2845 725 2902 habuit:
746 2846 797 2901 sed
810 2843 896 2900 iidem
910 2845 986 2900 venti
1000 2865 1049 2903 su·

139 2937 238 3000 parare
256 2937 321 2975 eum
336 2921 504 2994 Pachynum
519 2921 720 2993 prohibebant:
758 2919 925 2976 Bomilcaris
939 2919 1048 2980 adven.

139 3010 195 3068 tus,
209 2995 284 3054 fami
296 2995 397 3072 primo,
408 2994 474 3051 dein
487 2991 600 3072 praeter
613 3011 693 3070 spem
706 2994 794 3062 morai,
806 3012 895 3071 quum
908 2997 1048 3071 gaudium
1148 3007 1155 3018 ‘

137 3071 170 3136 ‘et
189 3088 297 3134 metum
317 3072 346 3130 iu
366 3071 458 3130 vicem
479 3071 616 3130 Romanis
639 3070 879 3150 Syracusanisque
898 3074 1064 3152 praebuis'·‚

137 3163 202 3220 set;
223 3150 375 3230 Epicydes,
389 3161 529 3219 metuens,
543 3149 629 3218 nasi
645 3162 797 3227 pergerent
812 3149 907 3220 iidem,
922 3153 970 3229 qui
984 3163 1046 3213 tum

137 3230 286 3298 tenebant,
301 3231 339 3287 ab
353 3238 416 3288 ortu
430 3227 496 3288 solis
516 3229 585 3286 flare
595 3247 646 3307 per
665 3227 726 3287 dies
739 3227 833 3306 plures
846 3229 931 3297 venti,
946 3229 1046 3290 classis

136 3307 251 3365 ‘Punica
275 3305 404 3366 Africam
423 3317 574 3384 repeteret,
583 3306 693 3366 traditis
715 3305 880 3364 Achradina
899 3309 1045 3368 mercenass

139 3383 245 3442 tiorum
267 3383 389 3444 militum
412 3383 542 3454 ducibus,
563 3383 600 3442 ad
620 3383 808 3444 Bomilcarem
827 3383 950 3460 navigat,
971 3384 1044 3444 clas*

138 3470 202 3518 tem
214 3461 245 3522 iu
265 3463 390 3526 statione
402 3481 483 3526 versa
505 3463 535 3526 in
548 3461 677 3524 Africam
699 3461 874 3523 habentem:
892 3473 987 3542 atque,
1005 3461 1041 3520 tis
