2534 4010
197 184 240 243 eu
507 178 760 244 .··‘T,.ssb1vlt

203 333 363 414 proxi-nn
378 333 505 412 Apulise
517 335 673 412 regionem.
713 334 768 396 Cn.
778 333 925 394 servilior
939 333 1112 406 eonsulsle·

204 414 289 474 ribus
302 411 416 491 proeliis
440 431 507 472 eum
531 413 623 472 Gallis
646 412 727 482 netis,
750 423 780 472 et
793 431 850 470 uno
871 411 981 502 oppido
993 413 1112 492 ignobili

197 501 574 647 zitttrttttttlttt,
588 491 1118 646 titillffitittfftl‘ttnt‘t

205 646 368 706 discrimine
380 657 519 717 extremo,
539 646 578 706 ud
590 648 692 707 urbem
716 647 770 706 iter
783 644 914 706 intendit.
954 645 991 710 Q„
1005 645 1115 706 Fabius

180 731 182 740 '
207 725 365 795 Maximus,
386 725 509 784 dictetur
532 726 646 794 iterum,
669 724 793 803 quodie
821 723 1017 800 magistratum
1039 723 1113 793 iniit,

206 813 310 862 vocato
323 813 434 872 senatu,
456 805 494 862 eb
516 803 570 862 diis
593 823 683 872 orsus,
707 821 794 879 quum
818 801 981 860 edocuisset
1002 801 1112 872 Patres,

204 881 272 958 ,plus
295 881 469 958 negligentiis
491 881 716 942 ceremoniarum
739 879 998 958 auspiciorumque,
1028 897 1114 958 quern

204 960 367 1018 temer-itere
381 971 468 1036 utque
491 959 612 1026 ineeirii,
635 967 788 1049 peccatum
811 959 878 1018 eC.
892 957 1032 1016 Flaminio
1045 977 1115 1018 eon·

203 1037 270 1104 ,sule
283 1057 356 1106 esse,
370 1055 500 1116 quaeque
513 1029 626 1116 piaculo
638 1053 697 1094 use
717 1035 805 1094 delum
827 1045 925 1094 essent
945 1036 1024 1112 ipsos
1043 1036 1115 1096 dees

204 1115 400 1176 vconsulendos
413 1133 495 1182 esset
522 1113 649 1192 pervicit,
671 1124 713 1184 ut,
737 1113 815 1192 quod
827 1133 886 1172 non
904 1111 995 1172 ferme
1013 1112 1115 1172 decer·
1194 1165 1197 1170 .

207 1193 295 1261 nitur,
308 1193 361 1250 nisi
375 1212 468 1269 quum.
485 1203 560 1252 tetre
572 1193 702 1270 prodigia
721 1192 858 1250 nunciate
871 1201 948 1260 sunt,
969 1189 1115 1250 decemvi-

206 1271 232 1328 ri
244 1270 332 1328 libros
347 1269 502 1346 Sibyllinos
514 1271 593 1330 odire
604 1273 779 1349 juberentur.
801 1269 859 1347 qui,
882 1269 1018 1346 inspectis
1040 1267 1116 1339 fute-

208 1346 284 1406 libus
297 1346 385 1415 libris,
409 1349 568 1408 retulerunt
591 1349 734 1416 Patribus,
757 1347 835 1423 quorl
858 1350 922 1423 ejus
943 1346 1116 1407 bellicensis

184 1435 308 1486 x,votum
322 1423 412 1482 Metti
425 1425 508 1496 soret,
530 1426 569 1496 id,
593 1445 652 1486 non
672 1426 726 1484 rite
746 1423 865 1492 fectum,
886 1423 924 1482 de
945 1424 1058 1501 integro
1071 1437 1115 1484 et·

205 1519 265 1578 que
278 1519 324 1560 stn
345 1502 400 1562 lius
413 1503 574 1567 faciendum
588 1523 670 1564 esset
699 1514 729 1564 et
750 1501 816 1562 lovi
838 1500 921 1558 ludos
934 1519 1064 1577 magnos,
1085 1515 1116 1560 et

206 1579 295 1640 sedes
337 1582 415 1642 eneri
431 1583 572 1674 Eryoinne
585 1601 621 1642 ee
634 1582 729 1642 Menti
743 1579 886 1641 vovendas
905 1598 981 1648 esse,
997 1589 1027 1638 et
1049 1598 1116 1656 sup

194 1657 393 1736 ‚plicationem
407 1661 672 1739 lectisterniumque
684 1659 870 1724 habendum
889 1669 919 1717 et
939 1676 989 1716 ver
1001 1675 1115 1716 socrum

204 1737 380 1808 uouendum,
402 1739 426 1798 si
449 1739 588 1798 bellatum
611 1754 745 1812 prospere
768 1745 853 1800 esset,
874 1750 977 1808 resque
998 1735 1115 1810 publice

206 1814 237 1872 in
251 1816 364 1883 eodem,
388 1834 446 1890 quo
463 1824 531 1870 ente
554 1811 664 1868 bellurn
676 1809 786 1877 fuisset,
808 1817 885 1866 stetu
900 1811 1115 1885 permansisset.

211 1892 343 1955 Senatus,
358 1888 489 1964 quonism
512 1885 634 1944 Fabium
657 1885 725 1944 belli
749 1903 819 1944 eure
838 1899 1015 1963 occupatura
1028 1903 1115 1962 esset,
1213 1903 1214 1916 *

208 1965 255 2022 M.
268 1964 424 2022 Aemilium
436 1972 610 2040 praetorem,
624 1985 662 2024 ex
675 1963 788 2042 collegii
810 1963 980 2042 pontificum
1000 1962 1117 2028 sentenss

204 2043 250 2100 ris
263 2041 358 2100 omnio
372 2061 407 2102 ee
421 2052 453 2101 ut
466 2053 577 2102 mature
590 2043 670 2114 fient,
684 2061 785 2102 curere
796 2045 889 2122 jubet.
986 2074 991 2086 ·

248 2118 286 2176 X.
320 2119 384 2180 His
414 2123 694 2182 senatusconsultis
722 2121 866 2199 perfectis,
896 2120 933 2180 L,
964 2123 1115 2184 Cornelius

209 2193 361 2270 Lentulus,
382 2199 520 2274 pontifiex
533 2199 684 2268 maximus,
705 2200 873 2258 consulente
897 2198 1019 2274 collegio
1031 2219 1117 2276 prees

209 2283 314 2346 torum,
328 2278 456 2353 omnium
470 2277 593 2355 primurn
606 2277 744 2354 populum
761 2273 975 2335 consulendum
998 2275 1117 2338 devere

209 2369 292 2412 sucro
305 2367 423 2414 censet:
457 2355 565 2432 injussu
580 2355 678 2432 populi
692 2353 787 2412 voveri
799 2371 857 2410 non
871 2369 966 2428 posse.
1018 2354 1117 2434 Roge-

210 2441 258 2490 tus
271 2432 300 2490 in
314 2432 387 2492 haee
400 2433 488 2492 verbe
512 2433 644 2510 populus,
676 2441 694 2470 ‘⁸
708 2431 811 2490 Velit-is
820 2427 984 2508 jubeatisue
997 2431 1055 2492 hoc
1074 2435 1117 2494 e'ie

210 2517 229 2547 ⁸
242 2509 322 2572 fieri:
342 2513 365 2570 si
378 2531 425 2572 res
438 2511 554 2590 publice
567 2511 665 2600 populi
680 2508 804 2570 Romani
818 2506 971 2574 Quiritium
984 2510 1023 2568 ed
1036 2511 1120 2588 quin·

210 2595 228 2625 “
243 2591 398 2666 quenniurn
421 2589 592 2669 proximum,
617 2599 692 2648 sieut
714 2587 799 2648 velim
813 2606 887 2657 eam,
907 2586 986 2646 solra
1005 2601 1118 2650 serrato
1213 2601 1214 2608 ’

211 2669 230 2700 “
243 2669 298 2726 erit
311 2669 391 2728 hisce
404 2669 525 2738 duellis;
554 2669 655 2729 datum
668 2669 776 2728 donum
789 2667 852 2726 duit
865 2665 989 2743 populus
1010 2667 1117 2728 Rome·

211 2745 298 2806 “*nus
326 2748 489 2816 Quiritium,
511 2748 600 2825 (quod
614 2747 741 2806 duellum
755 2745 862 2822 populo
886 2743 1021 2802 Romano
1047 2763 1116 2804 eum

211 2821 230 2850 ‘⁸
244 2816 479 2896 Knnhsginiensi
501 2837 555 2889 est,
580 2841 711 2897 quaeque
723 2821 821 2878 duella
834 2837 900 2876 eum
926 2818 1018 2876 Gallis
1037 2835 1115 2890 sunt,

212 2899 231 2928 ‘⁴
244 2895 293 2971 qui
306 2896 348 2954 eis
363 2898 454 2986 rllpes
468 2901 545 2968 sunt)
569 2896 646 2973 quod
667 2914 716 2952 ver
737 2893 865 2952 attulerit
888 2911 925 2948 ex
939 2893 1031 2964 suillo,
1043 2897 1114 2955 ¹uril-

122 3001 123 3004 ¹
211 2977 230 3008 “
244 2971 283 3042 lu,
307 2991 433 3050 caprino,
462 2973 568 3032 bovillo
591 2989 688 3050 grege,
719 2989 849 3048 quaeque
891 2969 991 3029 tofane
1020 2987 1117 3046 erunt,

209 3055 231 3113 ,“
244 3049 311 3110 ,lovi
334 3053 404 3122 lieri,
426 3072 463 3112 ex
484 3070 542 3130 que
567 3051 614 3112 die
645 3060 760 3110 senatus
791 2990 974 3144 populusque
990 3052 1117 3128 jusserit.

212 3130 304 3194 “Qui
324 3131 419 3202 lbeiet,
444 3131 559 3208 quando
582 3129 659 3190 volet
680 3129 793 3206 quique
815 3128 880 3206 lege
902 3128 990 3200 volet,
1010 3129 1116 3192 ianitor

213 3215 231 3246 “
244 3227 303 3286 quo
316 3210 403 3270 modo
416 3209 496 3281 inxit,
510 3211 601 3288 probe
623 3209 733 3268 fectum
757 3219 828 3268 esto.
883 3205 914 3266 si
936 3206 968 3266 id
987 3209 1115 3280 moritur,-
1213 3271 1214 3294 ,

214 3295 233 3324 “
245 3289 324 3366 quud
337 3289 397 3350 fieri
410 3289 564 3368 oportebit,
570 3285 728 3426 profanum
742 3297 814 3356 esto,
828 3303 922 3364 neque
933 3288 1030 3347 scelus
1043 3300 1115 3348 esto.

215 3368 348 3447 “siquis
364 3379 484 3447 rumpet
506 3367 570 3428 occi
590 3378 656 3427 etve
679 3365 811 3437 insciens,
841 3384 880 3426 ne
901 3363 980 3424 fraus
1001 3377 1072 3426 esto.
1091 3365 1116 3423 si
1213 3415 1214 3422 ,

211 3447 229 3478 “
242 3446 306 3520 quis
319 3449 430 3528 clepsit,
449 3466 487 3508 ne
498 3446 606 3527 populo
619 3445 714 3508 scelus
733 3455 805 3517 esto,
825 3463 899 3508 nere
921 3443 968 3506 eui
988 3443 1114 3520 cleptum
1213 3497 1214 3524 ,
