2406 3932
163 169 218 228 roe
482 163 486 168 ’
516 158 558 222 Τ..
579 131 739 255 L1v1t'

156 321 237 379 odeo
253 327 401 377 mutavere
427 316 547 387 animos,
571 328 608 375 ut
621 315 806 394 ‚insepultum
840 316 937 394 jacere
952 335 1067 400 ,corpus
1186 349 1187 362 ι

157 396 254 476 paullo
281 407 348 454 ante
370 394 521 453 desiderati
548 395 623 471 regis
643 397 818 472 paterentur.
857 397 957 460 Quum
979 397 1068 460 ceteri

156 495 195 534 ex
220 474 375 552 conjuratis
401 471 439 530 ad
464 473 620 532 exercitum
645 472 833 531 obtinendum
853 475 1066 546 remansissent,

157 553 327 617 Theodotus
350 561 380 608 et
402 550 479 608 Sosis
500 550 586 626 regiis
599 550 688 628 equis,
700 564 815 641 ouante
835 552 957 609 maximo
978 571 1067 618 cumo
1177 583 1181 590 -

156 641 298 710 poterant,
312 638 346 686 ut
364 627 479 704 ignaros
498 629 626 688 onmium
647 646 741 704 regios
763 628 963 706 opprimerent,
979 629 1066 708 Syra·

156 725 240 766 cusas
266 705 455 764 contendunt
475 712 811 782 cetemmpaeveoerat
836 725 895 766 non
920 705 996 764 fama
1018 727 1066 766 so·

157 786 227 854 lum,
241 785 311 862 (qud
330 782 401 840 nihil
423 783 454 840 in
473 783 581 843 talibus
598 785 685 842 rebus
707 794 752 842 est
771 783 903 860 celesius)
923 784 974 842 sed
992 803 1066 842 nun·
1185 841 1187 856 ,

155 863 216 922 cius
238 863 325 920 edam
349 879 387 920 ex
407 861 492 938 regiis
515 861 611 920 serris.
659 861 762 938 Itaque
780 861 1012 920 .Andrsnodorus
1035 876 1067 922 et

154 940 292 1011 Insulam,
316 949 346 998 et
366 955 471 1008 arcem,
493 949 523 998 et
546 938 609 1008 alia,
624 956 698 1015 quae
720 949 843 1016 poterat,
883 957 938 998 uae
958 959 995 998 ue
1015 959 1066 1018 op-

154 1028 279 1096 portuna
296 1026 386 1086 erant,
408 1015 556 1094 praesidiis
575 1016 711 1075 firmdrst·
751 959 905 1093 Hexapylo
977 1017 1065 1076 eodo·

154 1107 201 1156 tus
221 1115 257 1156 ac
272 1095 350 1155 Sosis
369 1105 435 1171 post
447 1093 515 1152 solis
528 1109 663 1152 occasum
674 1096 739 1171 ,jam
751 1095 875 1154 obscuri
887 1093 955 1152 lnce
966 1093 1063 1153 inuec-

100 1207 101 1210 =
154 1174 185 1242 ti,
200 1193 288 1251 quum
302 1183 450 1232 cruentam
470 1171 577 1248 regiam
589 1184 701 1230 vestem
723 1183 810 1250 atque
831 1169 943 1248 insigne
961 1173 1065 1249 capitis
1177 1169 1187 1188 '⁴

153 1259 340 1317 ostentarent,
357 1248 476 1307 ueremi
494 1267 549 1326 per
572 1247 713 1326 Tycham,
738 1249 822 1308 simul
842 1249 880 1308 ad
903 1249 1064 1309 libertatem

153 1326 237 1388 simol
261 1325 298 1383 ad
321 1341 400 1385 arnna
418 1335 563 1393 vocantes,
577 1325 607 1382 in
627 1326 825 1384 Achradinam
848 1327 1000 1386 convenire
1019 1331 1065 1406 ju-

151 1405 231 1462 bent.
270 1399 441 1471 Multitudo,
461 1400 692 1480 paraproeurrit
712 1403 742 1458 in
762 1402 831 1470 vias,
845 1421 912 1478 pars
934 1404 964 1460 in
978 1407 1064 1463 vesti·

150 1480 226 1540 bulis
249 1491 317 1550 stat,
337 1495 403 1572 pars
426 1479 572 1538 extentis
595 1477 783 1556 fenestrisque
805 1490 1001 1556 prospectant,
1022 1497 1064 1552 et,
1186 1499 1187 1556 t

151 1558 221 1636 quid
254 1557 294 1617 rei
328 1568 374 1628 att,
401 1557 537 1636 rogitant.
589 1555 696 1616 Omnia
726 1555 881 1615 luminibus
907 1557 1063 1626 collucent,

152 1636 335 1714 strepituque
353 1630 432 1727 vario
459 1635 647 1714 complentur.
673 1634 775 1724 stipati
800 1633 871 1722 locis
898 1637 1064 1727 potent-ibus

152 1711 958 1872 tltt'tllntttlttstlttttittttl?
972 1713 1066 1866 {tlt

152 1869 294 1934 Romano,
317 1867 431 1953 fixaque
452 1866 490 1922 ab
513 1882 557 1932 eo,
582 1861 747 1931 detrahunt,
770 1808 1060 1939 praenotationem,

150 1955 183 2004 ut
196 1944 295 2000 volens
314 1941 453 2018 propitius
465 1941 604 2016 praebeat
616 1957 699 2000 sacra
721 1957 808 2010 ιιιιιι,
823 1959 875 2018 pro
895 1943 997 2018 patria,
1010 1965 1062 2023 pro

150 2021 238 2081 deum
261 2017 395 2085 delubris,
409 2035 472 2094 pro
495 2017 628 2078 libertate
651 2034 715 2078 sese
741 2018 929 2079 morantibus.
971 2023 1067 2081 'Haec

150 2115 264 2174 qnoque
290 2094 444 2154 multitudo
472 2096 642 2156 stationibus
669 2117 720 2174 per
745 2097 887 2175 principes
912 2099 1067 2175 regionum
1096 2098 1103 2104 ”

150 2174 228 2234 urbis
246 2173 392 2252 ¹dispositis
412 2173 585 2252 adjungitur.
625 2174 661 2233 In
681 2175 781 2235 instrla
799 2175 874 2232 inter
886 2187 983 2235 cetera
998 2181 1061 2234 An-

149 2252 328 2313 dranodorus
359 2253 507 2330 praesidiis
533 2251 627 2310 firmat
652 2254 755 2312 horrea
786 2250 916 2327 publica..
962 2253 1062 2313 Locus

150 2349 219 2390 saxo
234 2331 373 2408 quadrato
392 2341 501 2407 septus,
521 2340 608 2406 atque
620 2331 693 2388 arcis
713 2329 753 2386 in·
765 2327 883 2410 modum
906 2329 1061 2404 emunitus,

151 2409 262 2487 capitur
275 2409 313 2468 ab
333 2409 494 2485 juventute,
508 2424 582 2498 quse
598 2407 747 2496 praesidio
768 2407 830 2484 ejus
851 2405 908 2466 loci
921 2409 1062 2468 attributa

151 2500 232 2558 etnt3
260 2485 435 2564 mittuntque
455 2503 577 2544 nunnus
596 2503 626 2543 ιιι
649 2483 856 2555 Achradinam,
879 2485 981 2544 horrea
1001 2486 1068 2574 fru-
1186 2515 1187 2526 ι

151 2578 338 2643 mentumque
350 2563 381 2622 in
394 2564 512 2623 senatlls
521 2572 664 2641 potestate
677 2582 749 2623 esse.
1064 2599 1067 2616 .

190 2642 291 2701 XXII.
329 2642 418 2702 Luna
443 2641 536 2720 primi
562 2642 685 2719 populus
703 2642 811 2712 omnis,
831 2653 958 2701 amatus
983 2641 1059 2700 iner-

151 2717 270 2792 misque,
298 2720 328 2778 in
355 2720 551 2780 Achradinam
576 2719 616 2778 nd
641 2721 750 2780 curiam
775 2721 918 2779 contenit.
941 2719 986 2777 ihi.
1007 2739 1066 2796 pro¹

151 2794 330 2853 Concordiae
351 2813 409 2866 ara,
431 2811 505 2872 qaue
524 2799 553 2854 in
573 2799 687 2857 eosita
703 2799 767 2856 loco
785 2807 856 2864 erat,
871 2814 908 2852 ex
927 2796 1073 2874 principi-3

150 2873 205 2930 bus
220 2887 311 2938 vuitus,
325 2873 442 2930 nornine
462 2873 516 2930 Pol
536 2889 634 2941 senus,
648 2875 815 2930 concionem
834 2883 865 2930 et
887 2872 1007 2929 liberam
1028 2887 1060 2932 et

152 2947 328 3010 moderatum
356 2946 481 3006 habuitt
511 2892 696 3006 destitudinis
716 2947 948 3026 indignitatisque
967 2949 1060 3010 horni-

150 3045 204 3096 nes
237 3035 369 3104 expertos
403 3024 538 3084 adversus
570 3034 671 3082 notum
702 3025 812 3084 malurn
837 3025 960 3086 irritatos
987 3047 1066 3088 esser

151 3103 303 3166 Discordia
322 3101 410 3162 civilis
429 3121 501 3180 quas
519 3103 654 3182 importet
672 3103 779 3172 clades,
792 3103 912 3164 audisse
930 3107 1021 3182 magis
1041 3127 1067 3168 ι·

151 3183 279 3274 patribus
300 3181 504 3260 Syracusanos,
519 3199 604 3260 quam
625 3181 828 3260 ipsosvidisse.
867 3185 959 3243 Arma
973 3187 1066 3274 'quod'

152 3263 273 3338 impigre
299 3260 435 3338 ceperint,
462 3260 599 3340 laudare:
626 3261 716 3339 magis
742 3260 932 3332 laudaturum,
957 3281 979 3342 ss
1000 3281 1066 3322 non
1186 3253 1187 3256 '

153 3349 279 3408 utantur,
299 3338 477 3400 nisiultimti
496 3339 668 3400 necessitate
691 3339 803 3400 coacti·
840 3339 875 3398 ln
897 3340 1066 3418 praesentia.

152 3412 262 3489 legatos
283 3417 319 3478 ad
347 3417 587 3515 Andranodorum
608 3417 683 3480 mitti
709 3419 834 3496 placere,
852 3418 900 3496 qui
921 3415 1066 3478 denunci„
