2386 3930
439 153 596 216 LIBER
624 151 719 212 XXV.
978 156 1036 214 238

102 311 278 392 ignaviam,
341 313 350 371 i
378 312 461 371 sociis
484 323 633 404 captorum
660 320 816 370 castrorum
844 307 1035 368 concederent

127 393 227 462 decus,
252 392 285 450 T.
302 331 462 461 (pedanius,
489 409 621 468 pnnceps
644 389 751 467 primus
778 385 916 457 centurio,
946 403 1034 462 quum

128 469 383 548 signiferosignum
393 468 555 537 ademisset,
567 479 584 506 “
594 469 661 526 ,lam
670 466 726 525 hoc
740 465 852 543 signum
867 476 896 523 et
909 464 958 522 hio
968 482 1035 522 cen-

128 558 148 586 “
168 547 267 618 turio,”
280 547 380 624 inquit,
396 555 415 584 “
428 547 503 604 intra
515 546 620 603 vallum
633 544 757 602 hostiurn
771 544 834 602 erit.
863 543 901 602 Se
922 551 1033 612 uantur,

126 635 147 664 “
167 626 215 703 qui
228 626 293 704 capi
307 625 419 702 signum
432 624 470 682 ab
484 623 567 680 hoste
581 621 748 699 prohibituri
768 619 859 680 sunt.’'
936 619 1036 698 aniprr-

125 704 200 762 lares
220 703 264 762 sui
284 701 407 780 primum
426 699 677 760 transcendentem
688 699 803 769 fossam,
818 699 884 758 dein
902 699 977 776 legio
992 709 1036 756 to·

38 809 42 814 ·
125 787 271 840 resecuta
290 791 344 838 est.
382 780 448 838 lam
469 789 498 838 et
517 777 628 846 consul,
643 776 680 834 ad
693 787 878 853 conspectum
893 788 1035 854 transgre-

124 859 265 917 dientium
278 857 384 916 vallum
407 867 516 916 mutato
538 855 666 923 oonsilio,
680 855 717 912 ab
739 855 900 912 revocando
914 855 951 912 ad
964 855 1034 914 inci-

125 935 230 994 tandos
252 935 465 1012 hortandosque
477 952 575 993 versus
595 931 707 1002 milites,
723 931 883 1000 ostendere,
897 931 927 988 in
946 951 1034 1010 quan·

114 1025 157 1072 to
170 1013 332 1073 discrimine
351 1031 386 1082 ac
405 1012 532 1092 periculo
550 1010 703 1070 fortissima
716 1009 820 1068 cohors
840 1008 991 1080 sociorum,
1006 1022 1036 1068 et

123 1091 228 1150 civium
252 1092 328 1169 legio
342 1107 427 1150 esset.
466 1091 577 1167 ltaque,
591 1107 644 1167 pro
665 1107 697 1147 se
721 1088 848 1166 quisque,
864 1105 964 1145 omnes
986 1105 1037 1164 per

124 1185 218 1246 aequa
240 1179 327 1246 atque
350 1168 447 1246 iniqua
469 1167 542 1237 loca,
566 1165 804 1244 quum-undique
827 1165 885 1225 tela
913 1165 1037 1244 conjice-

124 1257 233 1315 rentur,
256 1264 402 1324 armaque·
418 1257 449 1304 et
475 1247 509 1304 co
562 1264 594 1303 re
619 1245 717 1304 hostes
743 1244 911 1322 objicerent,
936 1245 1036 1322 perva-

119 1324 207 1392 dunt,
228 1324 314 1382 irrutn
337 1335 453 1402 untque.
476 1323 557 1382 muti
577 1323 725 1393 vulnerati,
750 1324 838 1382 etiarn
859 1341 931 1402 quos
952 1323 1034 1394 vires,

124 1402 296 1480 sanguisque
309 1343 461 1470 desereret,
475 1413 508 1459 ut
531 1402 606 1459 intra
617 1402 724 1458 vallum
747 1401 874 1460 hostium
888 1401 1034 1470 caderent,

123 1482 298 1538 nitebantur.
335 1481 431 1556 Capta
453 1479 550 1552 itaque
570 1488 717 1534 momento
738 1479 883 1553 temporis,
905 1479 983 1537 velut
1007 1481 1035 1536 in

122 1557 211 1650 plano
231 1557 294 1624 sita,
316 1573 371 1612 nec
393 1552 564 1631 permunita,
588 1565 691 1610 castra.
741 1552 854 1612 Caedes
878 1554 953 1624 inde,
978 1576 1036 1613 non

119 1652 183 1712 jam
201 1650 299 1710 pugna
318 1642 388 1700 erat,
409 1629 542 1688 omnibus
564 1630 639 1688 intra
652 1629 757 1688 vallum
780 1632 937 1709 permixtis,
952 1652 1037 1711 supra

124 1729 177 1770 sex
198 1711 286 1768 millia
305 1709 429 1768 hostium
443 1709 547 1778 occisa,
562 1725 648 1785 supra
667 1720 777 1786 septem
797 1709 885 1766 millia
899 1710 1034 1787 capitum,
1063 1727 1068 1731 ·

125 1805 191 1848 oum
203 1787 457 1848 frumentatoribus
472 1786 626 1864 Campanis
646 1787 781 1864 omnique
801 1788 992 1866 plaustrorum
1007 1803 1036 1847 et

122 1870 315 1944 jumentorum
329 1875 477 1943 apparatu,
492 1879 585 1943 capta.
606 1878 636 1924 et
658 1866 713 1923 alia
728 1867 827 1943 ingens
851 1866 957 1944 praeda
971 1867 1033 1937 fuit,

124 1960 211 2021 quarn
232 1943 349 2012 Hanno,
368 1942 590 2020 populabundus
614 1945 719 2022 passim
733 1964 821 2022 quum
846 1945 924 2016 isset,
939 1966 977 2004 ex
991 1966 1035 2005 so·

123 2021 234 2080 ciorum
259 2020 358 2098 populi
380 2019 504 2078 Romani
525 2021 600 2097 agris
623 2033 758 2080 traxerat.
807 2024 889 2093 Inde,
916 2024 1037 2103 dejectis

124 2098 258 2158 hostium.
274 2097 382 2166 eastris,
405 2098 602 2156 Beneventum
623 2099 747 2156 reditum
768 2111 820 2169 est,
841 2103 1035 2182 praedamque

122 2176 164 2236 ibi
178 2177 264 2238 amhn
277 2176 410 2235 consules
424 2177 502 2254 (nam
518 2187 548 2234 et
561 2176 620 2254 Ap.
641 2176 778 2236 Claudius
792 2197 827 2237 eo
848 2193 913 2256 post
927 2201 1035 2258 paucos

123 2255 185 2313 dies
208 2255 297 2331 venit)
321 2254 520 2322 vendiderunt,
541 2254 761 2332 diviseruntque.
785 2268 816 2315 et
837 2257 944 2327 donati,
966 2281 1035 2338 quo-

120 2351 187 2391 rum
208 2334 295 2408 opera
317 2345 410 2392 castra
432 2332 557 2392 hostium
572 2345 657 2414 capta
679 2345 780 2394 erantr
807 2348 875 2396 ante
889 2337 960 2397 alios
975 2344 1035 2397 Ac-

119 2427 231 2470 cuaeus
252 2409 396 2486 Pelignus,
417 2422 447 2470 et
466 2411 501 2468 T.
522 2411 675 2481 Pedanius,
689 2413 822 2490 princeps
843 2416 944 2473 tertiae
965 2417 1037 2493 legi-

119 2488 195 2547 onis.
236 2487 344 2546 Hanno
367 2489 404 2546 ab
425 2487 557 2558 Cominio
571 2489 677 2560 Cerito,
692 2509 750 2567 quo
769 2493 906 2550 nunciata
927 2507 1034 2551 castro-

122 2585 185 2624 rum
200 2565 297 2624 clades
317 2577 371 2633 est,
385 2583 452 2624 cum
475 2566 573 2642 paucis
592 2567 855 2636 frumentatoribus,
871 2588 941 2646 quos
960 2569 1034 2632 forte

123 2661 222 2702 secum
246 2643 396 2714 habuerat,
419 2643 505 2719 fugae
529 2643 629 2718 magis,
652 2663 737 2722 quam
759 2646 876 2717 itineris,
898 2648 983 2708 modo
1004 2653 1033 2710 in

122 2721 251 2780 Bruttios
264 2720 357 2779 rediit.

161 2798 227 2858 XV.
267 2799 315 2857 Er
337 2799 486 2877 Campani,
508 2799 607 2858 audita
630 2802 682 2860 sud
705 2801 810 2879 pariter
833 2806 1032 2889 sociorumque

119 2873 213 2946 clade,
227 2877 339 2954 legatos
360 2878 397 2936 ad
422 2877 616 2937 Hannibalem
635 2879 780 2952 miserunt,
802 2885 849 2960 qui
863 2887 1033 2950 nunciarent

120 2955 194 3014 duos
213 2956 345 3014 consules
366 2956 403 3014 ad
425 2956 623 3016 Beneventum
644 2977 716 3030 esse,
731 2961 786 3020 diei
807 2963 861 3022 iter
880 2965 1032 3043 aCapun;
1122 2979 1128 2992 ·

120 3043 239 3121 tantum·
257 3051 314 3092 non
329 3034 366 3090 ad
389 3045 485 3110 portas
499 3047 528 3093 et
542 3053 638 3095 muros
651 3039 759 3096 bellum
781 3060 852 3100 esse.
866 3043 895 3100 ni
909 3062 1030 3121 propere

121 3109 280 3178 subvemat,
295 3110 415 3168 celerius
435 3112 574 3188 Capuam,
589 3132 673 3191 quam
689 3118 838 3194 Arpos-in
857 3131 1031 3197 potestatem

119 3187 246 3244 hostium
273 3199 431 3246 venturam.
457 3208 494 3248 ne
522 3189 679 3250 Tarentum
707 3196 830 3272 quidem,
857 3216 915 3255 non
943 3203 1030 3260 modo

8 3279 9 3284 ¹
116 3281 226 3333 arcem,
240 3266 314 3323 tanti
336 3266 441 3325 debere
466 3286 537 3336 esse,
552 3279 585 3327 ut
599 3271 737 3348 Capuam,
753 3293 837 3352 quam
858 3275 1030 3354 Karthagini

117 3358 242 3418 aequare
256 3343 293 3399 sit
313 3343 421 3413 solitus,
434 3345 577 3405 desertam
596 3348 829 3428 indefensamque
847 3353 954 3430 populo
969 3355 1029 3416 llu-

116 3435 205 3486 mano
218 3420 322 3482 tradat.
361 3421 518 3500 Hannibal,
534 3444 619 3489 curae
633 3427 686 3489 sibi
701 3428 761 3490 fore
775 3447 835 3488 rem
849 3431 1027 3510 Campanam
