2406 3932
171 184 229 248 170
464 230 469 240 .
520 177 556 238 T.
583 177 724 240 mvn

164 335 267 397 ,medio
285 345 393 413 pascua
414 332 523 406 babuit,
545 334 597 398 ubi
618 335 712 414 omnis
734 333 846 418 generis
867 351 981 396 samum
1005 335 1079 404 deae

171 416 344 492 pascebatur
356 431 445 490 pecus
457 411 518 472 sins
531 411 590 470 ullo
603 425 758 506 pastore&
779 414 969 552 &wine
982 433 1079 494 egres-

161 492 195 550 si
207 495 346 569 cujusque
359 489 471 568 generis
484 509 587 568 greges
598 501 685 550 nocte
704 509 799 550 remea
819 487 856 550 a¹n
891 511 908 552 a
952 492 1079 562 stabula,

79 607 81 614 ,
168 588 316 648 nunquam
330 568 437 628 insidiis
450 567 583 638 ferarum,
603 589 662 630 non
682 569 781 629 fraude
802 568 899 632 violati
916 570 1078 628 hominum.

169 647 273 725 Magni
285 646 372 723 igitur
394 646 504 708 fructus
527 666 565 706 ex
587 666 624 708 eo
646 666 750 724 pecore
772 647 858 724 capti.
887 648 1078 724 columnaque

162 725 237 784 iude
251 743 338 783 aurea
351 723 443 784 solida
454 725 532 784 facta
545 737 575 785 et
588 737 700 784 sacmta
713 737 774 793 est;
803 725 987 804 inclitumque
1000 737 1078 784 tem·

169 803 259 880 plum,
278 802 492 870 divitiisetiam,
514 823 572 863 non
595 813 707 864 tantum
731 804 893 875 sanctitate,
915 804 978 862 fuit.
1028 804 1078 862 Ac

169 880 308 942 miracula
330 880 426 959 aliqua
446 879 619 958 affinguntur
640 881 809 959 plerumque
836 894 896 940 tam
919 881 1079 959 insignibus

161 959 248 1023 locis.
288 959 378 1020 Fama
400 969 453 1028 eat,
476 977 555 1018 aram
576 977 639 1019 esse
652 959 682 1016 iu
701 959 843 1020 vestibulo
866 959 976 1038 templi,
995 961 1079 1036 cujus

95 1040 97 1044 ’
170 1037 295 1097 cinerem
308 1037 387 1096 nullo
410 1054 535 1114 unquam
556 1036 664 1096 moveri
683 1047 780 1097 rento.
821 1036 879 1096 Sed
903 1055 956 1096 arx
976 1038 1078 1097 Croto·

165 1117 223 1186 nis,
238 1117 295 1174 una
308 1127 388 1192 parte
400 1114 551 1174 imminens
563 1113 645 1184 mari,
658 1113 750 1176 alteria
770 1126 906 1192 vergente
924 1116 954 1174 in
967 1133 1078 1192 agrum,

162 1194 226 1254 ‚situ
240 1204 351 1255 tantum
365 1191 486 1256 naturali
510 1191 656 1269 quondam
677 1196 797 1262 mnnita,
821 1203 923 1282 postea
943 1205 974 1256 et
994 1211 1077 1252 muro

162 1270 264 1334 ⁴cincta
277 1281 330 1338 est,
345 1270 402 1344 qula
414 1287 466 1344 per
488 1287 602 1328 aversas
624 1289 711 1346 rupes
731 1271 769 1328 ab
790 1269 941 1349 Dionysio,
963 1270 1079 1330 Siciliae

168 1359 299 1436 tyranno,
314 1364 366 1421 per
375 1345 478 1408 ,dolum
490 1344 584 1410 fuerat
597 1359 692 1423 capta.
733 1346 808 1404 Eam
827 1359 891 1408 tum
903 1367 1010 1419 mecm,
1031 1367 1078 1408 aa·

168 1441 213 1494 ris,
236 1435 269 1482 ut
291 1422 450 1493 videbatur,
472 1434 576 1494 tutam,
598 1422 796 1484 Crotoniatum
819 1425 973 1501 optimates
996 1439 1079 1486 tene·

164 1505 246 1572 bant,
261 1501 488 1568 circumsedente
509 1521 576 1562 cum
598 1502 720 1562 Bruttiis
742 1519 792 1562 eos
814 1501 901 1563 etism
914 1502 999 1580 plebe
1013 1506 1078 1564 susi.

162 1579 318 1650 ,Postremo
342 1581 458 1651 Bruttii,
482 1600 571 1660 quum
602 1581 660 1642 suis
691 1580 798 1640 viribus
824 1579 1077 1658 inexpugnabilem

166 1659 298 1720 viderent
320 1679 425 1730 arcem,
449 1659 742 1735 coactinecessitate,
766 1659 919 1716 Hannonis
939 1658 1078 1724 auxilitun

165 1739 327 1816 implorant.
369 1738 406 1805 ls,
429 1735 640 1794 conditionibus
662 1734 699 1790 ad
723 1733 898 1797 deditionem
920 1735 1078 1812 compelle·

162 1835 198 1880 ¹re
213 1814 394 1872 Crotoniatas
407 1819 537 1878 conatus,
558 1820 591 1866 ut
612 1807 753 1876 coloniam
769 1809 947 1884 Bruttiorum
969 1829 1005 1870 eo
1025 1812 1078 1872 de·
1178 1825 1179 1892 ᾗ

165 1891 241 1956 duci,
264 1888 465 1963 antiquamque
488 1886 676 1963 frequentiam
698 1904 798 1955 eorum
817 1887 946 1966 recipere
965 1898 1076 1952 vastam
1178 1895 1179 1912 ¹

162 1985 201 2034 ¹ac
224 1965 366 2024 desertam
388 1962 471 2022 bellis
493 1965 605 2035 urbem,
629 1976 804 2044 paterentur,
831 1966 960 2026 omnium
986 1969 1076 2027 nemi·

164 2062 241 2112 nem,
256 2052 371 2119 praeter
392 2041 638 2113 Aristomachum,
662 2044 760 2104 movit.
786 2044 984 2106 moriturosne
1003 2045 1077 2106 affir-

162 2122 284 2180 mabant
298 2120 392 2192 citius,
414 2139 510 2200 quam,
523 2122 645 2181 immixti
667 2123 795 2193 Bruttiis,
816 2123 846 2184 in
866 2124 975 2183 alienos
995 2123 1075 2195 ritus,

159 2207 268 2268 mores,
290 2199 435 2278 legesque,
465 2217 501 2260 ac
524 2219 592 2258 mox
612 2200 740 2276 linguam
762 2202 858 2268 etiam,
886 2211 1074 2261 verterentur.
1177 2253 1178 2258 ,

161 2277 386 2338 ¹Aristomachus
407 2295 491 2347 unus,
512 2277 627 2355 qnando
650 2296 705 2336 nec
726 2276 874 2336 suadendo
895 2277 933 2336 ad
953 2277 1075 2338 deditio·
1151 2349 1154 2354 ,

139 2375 233 2416 ,netu
247 2355 316 2416 satis
329 2355 452 2424 valebat,
476 2373 541 2422 nec,
565 2354 639 2414 sicut
662 2355 764 2414 urbem
784 2355 957 2447 prodiderat,
977 2356 1075 2416 locum
1177 2395 1178 2398 =

164 2434 331 2512 prodendae
354 2434 427 2494 arcis
450 2431 623 2504 inveniebat,
652 2433 805 2510 transfugit
828 2434 866 2492 ad
888 2435 1075 2496 Hannonem.

163 2511 428 2575 Locrensesbrevi
450 2521 516 2590 post
536 2510 632 2590 legati,
656 2530 745 2590 quum
768 2512 907 2590 permissu
920 2511 1075 2572 Hannonis

162 2610 260 2652 arcem
280 2591 447 2661 intrassent,
464 2589 645 2668 persuadent,
669 2601 703 2650 ut
723 2590 835 2652 traduci
859 2610 890 2651 se
912 2590 942 2648 in
962 2589 1074 2650 Locros

106 2682 109 2689 ·
163 2679 340 2742 paterentur,
363 2690 418 2729 nec
439 2669 541 2730 ultima
560 2666 682 2748 experiri
704 2670 819 2730 vellent.
867 2670 943 2739 Jam,
963 2665 1020 2726 hoc
1041 2679 1074 2728 ut

164 2743 219 2800 sibi
232 2743 341 2814 liceret,
365 2747 586 2822 impetraverant
608 2747 696 2806 stab
721 2746 896 2814 Hannibale,
919 2745 1012 2804 missis
1035 2745 1076 2804 ad

162 2819 258 2894 ipsum
282 2820 393 2895 legatis.
422 2822 463 2880 ita
487 2823 546 2882 Cro
584 2842 614 2913 5
693 2898 695 2900 Ι
739 2841 788 2880 um
813 2832 868 2890 est,
897 2820 1076 2900 deductique

162 2895 348 2956 Crotoniatae
361 2896 399 2952 ad
413 2914 491 2960 mare
504 2833 595 2966 mgr
605 2841 710 2954 dnixddsd
752 2907 812 2956 unt.
851 2895 961 2958 Iactor
979 2901 1074 2962 omnis

162 2972 317 3035 multitudo
330 2973 447 3034 abeunt.
486 2971 521 3030 In
536 2972 644 3050 Apulia
664 2992 702 3032 na
720 2972 817 3043 ¹hierus
840 2976 956 3053 quidem
976 2978 1072 3055 quieta

162 3054 238 3112 inter
251 3051 398 3114 Romanos
410 3062 439 3111 at
461 3071 498 3112 ue
511 3049 706 3110 Hannibalem
720 3064 791 3115 erat.
830 3052 972 3116 Luceriae
991 3056 1072 3127 Sem·

162 3130 279 3209 pronius
299 3128 411 3200 consul,
435 3071 584 3190 iiannibal
604 3129 683 3189 haud
705 3131 806 3208 mucul
828 3133 916 3211 Arpis
938 3133 1072 3193 hiberna·

163 3212 224 3280 bat.
264 3207 406 3270 intereos
419 3208 492 3269 levia
505 3208 663 3288 proelia'ex
769 3209 842 3281 ’one,
862 3222 913 3270 aut
936 3221 1072 3290 opportu-

163 3288 255 3354 nitate
268 3285 414 3367 buiusaut
426 3286 501 3346 illius
520 3287 618 3366 partis,
640 3287 720 3347 orieb
760 3298 825 3357 tarr
854 3289 1011 3367 meliorque
1029 3290 1072 3350 eis

164 3363 323 3438 Romanus,
337 3377 367 3427 et
379 3365 409 3426 in
423 3366 484 3426 dies
498 3367 617 3438 cautior,
632 3366 777 3446 tutiorque
789 3367 827 3428 ab
841 3367 958 3439 insidiis,
972 3305 1157 3521 fiebigtssgr

199 3443 252 3514 ly,
293 3446 331 3510 lu
347 3445 443 3508 Sicilia
456 3444 595 3516 Romanis
608 3445 704 3508 omnia
717 3457 877 3510 mutaverat
900 3463 975 3510 murs
995 3443 1037 3504 lli
1058 3477 1071 3492 -
1098 3519 1103 3526 ,
