<?xml version="1.0" encoding="UTF-8"?>
<!DOCTYPE html PUBLIC "-//W3C//DTD XHTML 1.0 Transitional//EN"
    "http://www.w3.org/TR/xhtml1/DTD/xhtml1-transitional.dtd">
<html xmlns="http://www.w3.org/1999/xhtml" xml:lang="en" lang="en">
 <head>
  <title>
</title>
<meta http-equiv="Content-Type" content="text/html;charset=utf-8" />
  <meta name='ocr-system' content='tesseract 3.04.00' />
  <meta name='ocr-capabilities' content='ocr_page ocr_carea ocr_par ocr_line ocrx_word'/>
</head>
<body>
  <div class='ocr_page' id='page_1' title='image "./titiliviihistor03livigoog_0015.png"; bbox 0 0 2534 4010; ppageno 0'>
   <div class='ocr_carea' id='block_1_1' title="bbox 170 181 723 287">
    <p class='ocr_par' dir='ltr' id='par_1_1' title="bbox 170 181 723 287">
     <span class='ocr_line' id='line_1_1' title="bbox 170 181 723 287; baseline -0.005 -11"><span class='ocrx_word' id='word_1_1' title='bbox 170 181 232 276; x_wconf 41' lang='lat'><strong>4⁸</strong></span> <span class='ocrx_word' id='word_1_2' title='bbox 399 233 405 246; x_wconf 88' lang='lat'><strong>·</strong></span> <span class='ocrx_word' id='word_1_3' title='bbox 460 212 556 287; x_wconf 94' lang='grc' dir='ltr'><strong>Τ</strong></span> <span class='ocrx_word' id='word_1_4' title='bbox 583 214 723 274; x_wconf 80' lang='lat' dir='ltr'><strong>Lrvrr</strong></span> 
     </span>
    </p>
   </div>
   <div class='ocr_carea' id='block_1_2' title="bbox 129 369 1220 3572">
    <p class='ocr_par' dir='ltr' id='par_1_2' title="bbox 169 369 1097 2223">
     <span class='ocr_line' id='line_1_2' title="bbox 169 369 1082 450; baseline 0.003 -21"><span class='ocrx_word' id='word_1_5' title='bbox 169 369 253 444; x_wconf 76' lang='lat' dir='ltr'><strong>facile</strong></span> <span class='ocrx_word' id='word_1_6' title='bbox 267 371 445 440; x_wconf 77' lang='lat' dir='ltr'>decerneres,</span> <span class='ocrx_word' id='word_1_7' title='bbox 472 385 566 430; x_wconf 87' lang='lat' dir='ltr'><strong>utrum</strong></span> <span class='ocrx_word' id='word_1_8' title='bbox 590 369 762 450; x_wconf 76' lang='lat' dir='ltr'><strong>imperatori,</strong></span> <span class='ocrx_word' id='word_1_9' title='bbox 779 387 815 428; x_wconf 89' lang='lat' dir='ltr'><strong>an</strong></span> <span class='ocrx_word' id='word_1_10' title='bbox 836 369 983 441; x_wconf 85' lang='lat' dir='ltr'><strong>exercitui,</strong></span> <span class='ocrx_word' id='word_1_11' title='bbox 1006 371 1082 432; x_wconf 59' lang='lat' dir='ltr'><strong>carta</strong></span> 
     </span>
     <span class='ocr_line' id='line_1_3' title="bbox 171 449 1080 529; baseline 0 -21"><span class='ocrx_word' id='word_1_12' title='bbox 171 462 309 509; x_wconf 80' lang='lat' dir='ltr'><strong>presset:</strong></span> <span class='ocrx_word' id='word_1_13' title='bbox 331 467 425 528; x_wconf 86' lang='lat' dir='ltr'><strong>neque</strong></span> <span class='ocrx_word' id='word_1_14' title='bbox 439 449 605 509; x_wconf 83' lang='lat' dir='ltr'>Hasdrubal</span> <span class='ocrx_word' id='word_1_15' title='bbox 629 451 716 508; x_wconf 88' lang='lat' dir='ltr'><strong>aliurn</strong></span> <span class='ocrx_word' id='word_1_16' title='bbox 738 467 909 529; x_wconf 87' lang='lat' dir='ltr'><strong>quemquam</strong></span> <span class='ocrx_word' id='word_1_17' title='bbox 923 449 1080 528; x_wconf 84' lang='lat' dir='ltr'><strong>praelicere</strong></span> 
     </span>
     <span class='ocr_line' id='line_1_4' title="bbox 171 528 1079 606; baseline -0.002 -20"><span class='ocrx_word' id='word_1_18' title='bbox 171 528 265 596; x_wconf 82' lang='lat' dir='ltr'><strong>malie,</strong></span> <span class='ocrx_word' id='word_1_19' title='bbox 281 528 330 586; x_wconf 87' lang='lat' dir='ltr'><strong>ubi</strong></span> <span class='ocrx_word' id='word_1_20' title='bbox 345 529 413 606; x_wconf 83' lang='lat' dir='ltr'><strong>quid</strong></span> <span class='ocrx_word' id='word_1_21' title='bbox 426 528 538 586; x_wconf 86' lang='lat' dir='ltr'><strong>fortiter</strong></span> <span class='ocrx_word' id='word_1_22' title='bbox 550 547 585 587; x_wconf 91' lang='lat' dir='ltr'><strong>ac</strong></span> <span class='ocrx_word' id='word_1_23' title='bbox 599 541 714 588; x_wconf 79' lang='lat' dir='ltr'><strong>strenue</strong></span> <span class='ocrx_word' id='word_1_24' title='bbox 738 528 881 606; x_wconf 81' lang='lat' dir='ltr'><strong>agendum</strong></span> <span class='ocrx_word' id='word_1_25' title='bbox 906 539 999 596; x_wconf 62' lang='lat' dir='ltr'><strong>escen</strong></span> <span class='ocrx_word' id='word_1_26' title='bbox 1028 545 1079 585; x_wconf 85' lang='lat' dir='ltr'><strong>ne·</strong></span> 
     </span>
     <span class='ocr_line' id='line_1_5' title="bbox 173 605 1097 685; baseline -0.001 -22"><span class='ocrx_word' id='word_1_27' title='bbox 173 625 227 683; x_wconf 85' lang='lat' dir='ltr'><strong>que</strong></span> <span class='ocrx_word' id='word_1_28' title='bbox 242 606 344 664; x_wconf 79' lang='lat' dir='ltr'><strong>milites</strong></span> <span class='ocrx_word' id='word_1_29' title='bbox 358 607 415 664; x_wconf 88' lang='lat' dir='ltr'><strong>alio</strong></span> <span class='ocrx_word' id='word_1_30' title='bbox 436 607 510 666; x_wconf 90' lang='lat' dir='ltr'><strong>duce</strong></span> <span class='ocrx_word' id='word_1_31' title='bbox 534 608 598 685; x_wconf 84' lang='lat' dir='ltr'><strong>plus</strong></span> <span class='ocrx_word' id='word_1_32' title='bbox 622 609 766 668; x_wconf 86' lang='lat' dir='ltr'><strong>conlidere</strong></span> <span class='ocrx_word' id='word_1_33' title='bbox 788 606 971 666; x_wconf 72' lang='lat' dir='ltr'><strong>antaradum.</strong></span> <span class='ocrx_word' id='word_1_34' title='bbox 1012 605 1097 663; x_wconf 49' lang='lat' dir='ltr'><strong>Plu-¹</strong></span> 
     </span>
     <span class='ocr_line' id='line_1_6' title="bbox 172 683 1083 765; baseline 0 -25"><span class='ocrx_word' id='word_1_35' title='bbox 172 685 274 740; x_wconf 84' lang='lat' dir='ltr'><strong>rimam</strong></span> <span class='ocrx_word' id='word_1_36' title='bbox 289 683 429 744; x_wconf 90' lang='lat' dir='ltr'><strong>audaciae</strong></span> <span class='ocrx_word' id='word_1_37' title='bbox 440 685 477 743; x_wconf 88' lang='lat' dir='ltr'><strong>ad</strong></span> <span class='ocrx_word' id='word_1_38' title='bbox 492 687 619 763; x_wconf 88' lang='lat' dir='ltr'><strong>pericula</strong></span> <span class='ocrx_word' id='word_1_39' title='bbox 632 683 816 765; x_wconf 77' lang='lat' dir='ltr'><strong>capessenda,</strong></span> <span class='ocrx_word' id='word_1_40' title='bbox 837 685 990 764; x_wconf 87' lang='lat' dir='ltr'><strong>plurimum</strong></span> <span class='ocrx_word' id='word_1_41' title='bbox 1011 699 1083 742; x_wconf 67' lang='grc' dir='ltr'>σοιν·</span> 
     </span>
     <span class='ocr_line' id='line_1_7' title="bbox 174 759 1082 842; baseline -0.002 -22"><span class='ocrx_word' id='word_1_42' title='bbox 174 762 228 821; x_wconf 85' lang='lat' dir='ltr'><strong>aiiii</strong></span> <span class='ocrx_word' id='word_1_43' title='bbox 241 761 316 821; x_wconf 84' lang='lat' dir='ltr'><strong>inter</strong></span> <span class='ocrx_word' id='word_1_44' title='bbox 330 763 392 841; x_wconf 85' lang='lat' dir='ltr'><strong>ipsa</strong></span> <span class='ocrx_word' id='word_1_45' title='bbox 405 764 536 842; x_wconf 88' lang='lat' dir='ltr'><strong>pericula</strong></span> <span class='ocrx_word' id='word_1_46' title='bbox 549 776 619 825; x_wconf 75' lang='lat' dir='ltr'><strong>erat.</strong></span> <span class='ocrx_word' id='word_1_47' title='bbox 639 766 717 824; x_wconf 90' lang='lat' dir='ltr'><strong>nullo</strong></span> <span class='ocrx_word' id='word_1_48' title='bbox 740 765 837 822; x_wconf 85' lang='lat' dir='ltr'><strong>laboro</strong></span> <span class='ocrx_word' id='word_1_49' title='bbox 857 776 908 824; x_wconf 88' lang='lat' dir='ltr'><strong>aut</strong></span> <span class='ocrx_word' id='word_1_50' title='bbox 922 779 1025 842; x_wconf 81' lang='lat' dir='ltr'><strong>corpus</strong></span> <span class='ocrx_word' id='word_1_51' title='bbox 1038 759 1082 818; x_wconf 71' lang='lat' dir='ltr'><strong>ia-</strong></span> 
     </span>
     <span class='ocr_line' id='line_1_8' title="bbox 172 839 1084 922; baseline 0.001 -24"><span class='ocrx_word' id='word_1_52' title='bbox 172 839 264 918; x_wconf 75' lang='lat' dir='ltr'><strong>tigarI,</strong></span> <span class='ocrx_word' id='word_1_53' title='bbox 289 853 340 899; x_wconf 89' lang='lat' dir='ltr'><strong>aut</strong></span> <span class='ocrx_word' id='word_1_54' title='bbox 363 843 475 900; x_wconf 88' lang='lat' dir='ltr'><strong>animus</strong></span> <span class='ocrx_word' id='word_1_55' title='bbox 498 843 573 903; x_wconf 85' lang='lat' dir='ltr'><strong>vinci</strong></span> <span class='ocrx_word' id='word_1_56' title='bbox 596 855 717 922; x_wconf 85' lang='lat' dir='ltr'><strong>poterat.</strong></span> <span class='ocrx_word' id='word_1_57' title='bbox 772 842 881 900; x_wconf 88' lang='lat' dir='ltr'><strong>Caloris</strong></span> <span class='ocrx_word' id='word_1_58' title='bbox 909 861 944 900; x_wconf 91' lang='lat' dir='ltr'><strong>ac</strong></span> <span class='ocrx_word' id='word_1_59' title='bbox 969 840 1084 920; x_wconf 71' lang='lat' dir='ltr'><strong>i&#39;rlgorid</strong></span> 
     </span>
     <span class='ocr_line' id='line_1_9' title="bbox 171 915 1081 998; baseline 0.001 -23"><span class='ocrx_word' id='word_1_60' title='bbox 171 917 310 995; x_wconf 86' lang='lat' dir='ltr'><strong>patientia</strong></span> <span class='ocrx_word' id='word_1_61' title='bbox 323 935 392 998; x_wconf 77' lang='lat' dir='ltr'><strong>par:</strong></span> <span class='ocrx_word' id='word_1_62' title='bbox 423 917 480 980; x_wconf 90' lang='lat' dir='ltr'><strong>cibi</strong></span> <span class='ocrx_word' id='word_1_63' title='bbox 504 922 685 998; x_wconf 77' lang='lat' dir='ltr'>potionisque</span> <span class='ocrx_word' id='word_1_64' title='bbox 705 915 847 978; x_wconf 65' lang='lat' dir='ltr'><strong>desiderio</strong></span> <span class='ocrx_word' id='word_1_65' title='bbox 871 922 1007 990; x_wconf 74' lang='lat' dir='ltr'><strong>uetanti,</strong></span> <span class='ocrx_word' id='word_1_66' title='bbox 1022 939 1081 978; x_wconf 89' lang='lat' dir='ltr'><strong>non</strong></span> 
     </span>
     <span class='ocr_line' id='line_1_10' title="bbox 172 995 1084 1074; baseline 0.002 -21"><span class='ocrx_word' id='word_1_67' title='bbox 172 995 329 1074; x_wconf 85' lang='lat' dir='ltr'><strong>voluptate,</strong></span> <span class='ocrx_word' id='word_1_68' title='bbox 344 999 448 1058; x_wconf 77' lang='lat' dir='ltr'><strong>modus</strong></span> <span class='ocrx_word' id='word_1_69' title='bbox 460 1000 577 1057; x_wconf 84' lang='lat' dir='ltr'><strong>finitus:</strong></span> <span class='ocrx_word' id='word_1_70' title='bbox 605 997 763 1074; x_wconf 78' lang='lat' dir='ltr'><strong>vigiliarum</strong></span> <span class='ocrx_word' id='word_1_71' title='bbox 778 999 927 1074; x_wconf 78' lang='lat' dir='ltr'><strong>somnique</strong></span> <span class='ocrx_word' id='word_1_72' title='bbox 946 1015 1001 1056; x_wconf 83' lang='lat' dir='ltr'><strong>nec</strong></span> <span class='ocrx_word' id='word_1_73' title='bbox 1024 998 1084 1065; x_wconf 71' lang='lat' dir='ltr'><strong>diu·</strong></span> 
     </span>
     <span class='ocr_line' id='line_1_11' title="bbox 172 1075 1081 1152; baseline 0 -20"><span class='ocrx_word' id='word_1_74' title='bbox 172 1092 227 1132; x_wconf 84' lang='lat' dir='ltr'><strong>neo</strong></span> <span class='ocrx_word' id='word_1_75' title='bbox 241 1086 336 1146; x_wconf 88' lang='lat' dir='ltr'><strong>noete,</strong></span> <span class='ocrx_word' id='word_1_76' title='bbox 351 1077 696 1152; x_wconf 77' lang='lat' dir='ltr'><strong>discriminata&#39;tempora.</strong></span> <span class='ocrx_word' id='word_1_77' title='bbox 736 1075 780 1144; x_wconf 90' lang='lat' dir='ltr'><strong>Id,</strong></span> <span class='ocrx_word' id='word_1_78' title='bbox 795 1075 871 1152; x_wconf 84' lang='lat' dir='ltr'><strong>quod</strong></span> <span class='ocrx_word' id='word_1_79' title='bbox 891 1075 1024 1152; x_wconf 80' lang='lat' dir='ltr'><strong>gerendis</strong></span> <span class='ocrx_word' id='word_1_80' title='bbox 1037 1093 1081 1132; x_wconf 83' lang='lat' dir='ltr'><strong>re-</strong></span> 
     </span>
     <span class='ocr_line' id='line_1_12' title="bbox 172 1153 1081 1236; baseline 0 -26"><span class='ocrx_word' id='word_1_81' title='bbox 172 1155 228 1211; x_wconf 89' lang='lat' dir='ltr'><strong>bus</strong></span> <span class='ocrx_word' id='word_1_82' title='bbox 252 1165 422 1232; x_wconf 73' lang='lat' dir='ltr'><strong>superesset,</strong></span> <span class='ocrx_word' id='word_1_83' title='bbox 448 1153 536 1236; x_wconf 87' lang='lat' dir='ltr'><strong>quieti</strong></span> <span class='ocrx_word' id='word_1_84' title='bbox 560 1153 680 1212; x_wconf 74' lang='lat' dir='ltr'><strong>datumr</strong></span> <span class='ocrx_word' id='word_1_85' title='bbox 708 1170 744 1212; x_wconf 89' lang='lat' dir='ltr'><strong>ea</strong></span> <span class='ocrx_word' id='word_1_86' title='bbox 763 1171 856 1231; x_wconf 89' lang='lat' dir='ltr'><strong>neque</strong></span> <span class='ocrx_word' id='word_1_87' title='bbox 879 1153 957 1210; x_wconf 88' lang='lat' dir='ltr'><strong>molli</strong></span> <span class='ocrx_word' id='word_1_88' title='bbox 981 1163 1081 1221; x_wconf 83' lang='lat' dir='ltr'><strong>atrato,</strong></span> 
     </span>
     <span class='ocr_line' id='line_1_13' title="bbox 173 1229 1083 1310; baseline 0.004 -22"><span class='ocrx_word' id='word_1_89' title='bbox 173 1249 267 1307; x_wconf 86' lang='lat' dir='ltr'><strong>neque</strong></span> <span class='ocrx_word' id='word_1_90' title='bbox 281 1231 403 1299; x_wconf 86' lang='lat' dir='ltr'><strong>silentio,</strong></span> <span class='ocrx_word' id='word_1_91' title='bbox 424 1233 571 1289; x_wconf 70' lang='lat' dir='ltr'><strong>arcessitu.</strong></span> <span class='ocrx_word' id='word_1_92' title='bbox 612 1233 699 1291; x_wconf 89' lang='lat' dir='ltr'><strong>Multi</strong></span> <span class='ocrx_word' id='word_1_93' title='bbox 718 1229 816 1310; x_wconf 62' lang='lat' dir='ltr'><strong>caepa,</strong></span> <span class='ocrx_word' id='word_1_94' title='bbox 842 1231 956 1290; x_wconf 87' lang='lat' dir='ltr'><strong>militati</strong></span> <span class='ocrx_word' id='word_1_95' title='bbox 981 1229 1083 1307; x_wconf 81' lang='lat' dir='ltr'><strong>sagulo</strong></span> 
     </span>
     <span class='ocr_line' id='line_1_14' title="bbox 174 1305 1084 1386; baseline 0.002 -20"><span class='ocrx_word' id='word_1_96' title='bbox 174 1319 314 1386; x_wconf 89' lang='lat' dir='ltr'><strong>opertum,</strong></span> <span class='ocrx_word' id='word_1_97' title='bbox 328 1305 419 1366; x_wconf 61' lang='lat' dir='ltr'><strong>&#39;humi</strong></span> <span class='ocrx_word' id='word_1_98' title='bbox 443 1313 559 1386; x_wconf 84' lang='lat' dir='ltr'><strong>jacente</strong></span> <span class='ocrx_word' id='word_1_99' title='bbox 615 1313 690 1369; x_wconf 83' lang='lat' dir='ltr'><strong>inter</strong></span> <span class='ocrx_word' id='word_1_100' title='bbox 716 1310 861 1368; x_wconf 79' lang='lat' dir='ltr'><strong>custodiae</strong></span> <span class='ocrx_word' id='word_1_101' title='bbox 886 1311 1084 1386; x_wconf 79' lang='lat' dir='ltr'><strong>stationesque</strong></span> 
     </span>
     <span class='ocr_line' id='line_1_15' title="bbox 173 1386 1083 1466; baseline 0.003 -24"><span class='ocrx_word' id='word_1_102' title='bbox 173 1386 295 1463; x_wconf 82' lang='lat' dir='ltr'><strong>militum</strong></span> <span class='ocrx_word' id='word_1_103' title='bbox 322 1399 544 1464; x_wconf 82' lang='lat' dir='ltr'><strong>conspexerunt.</strong></span> <span class='ocrx_word' id='word_1_104' title='bbox 603 1389 733 1448; x_wconf 78' lang='lat' dir='ltr'><strong>Vestitus</strong></span> <span class='ocrx_word' id='word_1_105' title='bbox 760 1387 829 1445; x_wconf 87' lang='lat' dir='ltr'><strong>nibil</strong></span> <span class='ocrx_word' id='word_1_106' title='bbox 853 1386 928 1446; x_wconf 82' lang='lat' dir='ltr'><strong>inter</strong></span> <span class='ocrx_word' id='word_1_107' title='bbox 948 1390 1083 1466; x_wconf 83' lang='lat' dir='ltr'><strong>aequales</strong></span> 
     </span>
     <span class='ocr_line' id='line_1_16' title="bbox 175 1463 1083 1545; baseline 0.002 -23"><span class='ocrx_word' id='word_1_108' title='bbox 175 1463 338 1534; x_wconf 66' lang='lat' dir='ltr'><strong>excellens:</strong></span> <span class='ocrx_word' id='word_1_109' title='bbox 371 1483 451 1524; x_wconf 85' lang='lat' dir='ltr'><strong>arma</strong></span> <span class='ocrx_word' id='word_1_110' title='bbox 464 1473 551 1544; x_wconf 82' lang='lat' dir='ltr'><strong>atque</strong></span> <span class='ocrx_word' id='word_1_111' title='bbox 565 1467 630 1545; x_wconf 62' lang='lat' dir='ltr'><strong>‘equi</strong></span> <span class='ocrx_word' id='word_1_112' title='bbox 645 1465 903 1545; x_wconf 64' lang='lat' dir='ltr'><strong>conspiciebantur.</strong></span> <span class='ocrx_word' id='word_1_113' title='bbox 944 1463 1083 1544; x_wconf 81' lang='lat' dir='ltr'><strong>Equitum</strong></span> 
     </span>
     <span class='ocr_line' id='line_1_17' title="bbox 174 1535 1084 1624; baseline -0.001 -24"><span class='ocrx_word' id='word_1_114' title='bbox 174 1539 362 1620; x_wconf 74' lang='lat' dir='ltr'><strong>peditumque</strong></span> <span class='ocrx_word' id='word_1_115' title='bbox 375 1543 451 1602; x_wconf 90' lang='lat' dir='ltr'><strong>idem</strong></span> <span class='ocrx_word' id='word_1_116' title='bbox 466 1544 673 1624; x_wconf 71' lang='lat' dir='ltr'><strong>longe‘prirous</strong></span> <span class='ocrx_word' id='word_1_117' title='bbox 694 1558 779 1624; x_wconf 51' lang='lat' dir='ltr'><strong>erut„</strong></span> <span class='ocrx_word' id='word_1_118' title='bbox 797 1535 930 1624; x_wconf 76' lang='lat' dir='ltr'><strong>princeps</strong></span> <span class='ocrx_word' id='word_1_119' title='bbox 950 1544 979 1601; x_wconf 89' lang='lat' dir='ltr'><strong>ln</strong></span> <span class='ocrx_word' id='word_1_120' title='bbox 1001 1559 1084 1621; x_wconf 81' lang='lat' dir='ltr'><strong>proa·</strong></span> 
     </span>
     <span class='ocr_line' id='line_1_18' title="bbox 172 1619 1085 1704; baseline 0.004 -28"><span class='ocrx_word' id='word_1_121' title='bbox 172 1619 243 1677; x_wconf 85' lang='lat' dir='ltr'><strong>lium</strong></span> <span class='ocrx_word' id='word_1_122' title='bbox 257 1620 336 1680; x_wconf 83' lang='lat' dir='ltr'><strong>ibat:</strong></span> <span class='ocrx_word' id='word_1_123' title='bbox 367 1622 484 1682; x_wconf 90' lang='lat' dir='ltr'><strong>ultimus</strong></span> <span class='ocrx_word' id='word_1_124' title='bbox 500 1635 640 1684; x_wconf 67' lang='lat' dir='ltr'><strong>‘conserto</strong></span> <span class='ocrx_word' id='word_1_125' title='bbox 664 1622 773 1704; x_wconf 87' lang='lat' dir='ltr'><strong>proelio</strong></span> <span class='ocrx_word' id='word_1_126' title='bbox 797 1623 966 1684; x_wconf 79' lang='lat' dir='ltr'><strong>excedebat.</strong></span> <span class='ocrx_word' id='word_1_127' title='bbox 1021 1622 1085 1680; x_wconf 76' lang='lat' dir='ltr'><strong>Har</strong></span> 
     </span>
     <span class='ocr_line' id='line_1_19' title="bbox 174 1701 1086 1779; baseline 0.001 -24"><span class='ocrx_word' id='word_1_128' title='bbox 174 1701 335 1760; x_wconf 80' lang='lat' dir='ltr'><strong>tantaevirl</strong></span> <span class='ocrx_word' id='word_1_129' title='bbox 348 1701 466 1762; x_wconf 77' lang='lat' dir='ltr'><strong>virtutes</strong></span> <span class='ocrx_word' id='word_1_130' title='bbox 480 1702 607 1779; x_wconf 83' lang='lat' dir='ltr'><strong>ingentia</strong></span> <span class='ocrx_word' id='word_1_131' title='bbox 627 1704 695 1762; x_wconf 82' lang='lat' dir='ltr'><strong>vitiu</strong></span> <span class='ocrx_word' id='word_1_132' title='bbox 718 1703 899 1778; x_wconf 56' lang='lat' dir='ltr'><strong>aequamen</strong></span> <span class='ocrx_word' id='word_1_133' title='bbox 927 1702 1086 1760; x_wconf 76' lang='lat' dir='ltr'><strong>inhumana</strong></span> 
     </span>
     <span class='ocr_line' id='line_1_20' title="bbox 175 1777 1085 1856; baseline -0.001 -21"><span class='ocrx_word' id='word_1_134' title='bbox 175 1777 339 1849; x_wconf 75' lang='lat' dir='ltr'><strong>crudelitas,</strong></span> <span class='ocrx_word' id='word_1_135' title='bbox 354 1781 471 1856; x_wconf 83' lang='lat' dir='ltr'><strong>perfidia</strong></span> <span class='ocrx_word' id='word_1_136' title='bbox 491 1783 554 1854; x_wconf 80' lang='lat' dir='ltr'><strong>plue</strong></span> <span class='ocrx_word' id='word_1_137' title='bbox 579 1799 664 1856; x_wconf 88' lang='lat' dir='ltr'><strong>quam</strong></span> <span class='ocrx_word' id='word_1_138' title='bbox 687 1779 806 1846; x_wconf 87' lang='lat' dir='ltr'><strong>Punica,</strong></span> <span class='ocrx_word' id='word_1_139' title='bbox 831 1778 901 1834; x_wconf 80' lang='lat' dir='ltr'><strong>nrltil</strong></span> <span class='ocrx_word' id='word_1_140' title='bbox 925 1778 992 1846; x_wconf 85' lang='lat' dir='ltr'><strong>veri,</strong></span> <span class='ocrx_word' id='word_1_141' title='bbox 1014 1777 1085 1834; x_wconf 83' lang='lat' dir='ltr'><strong>nihil</strong></span> 
     </span>
     <span class='ocr_line' id='line_1_21' title="bbox 175 1855 1085 1933; baseline -0.001 -20"><span class='ocrx_word' id='word_1_142' title='bbox 175 1857 492 1923; x_wconf 81' lang='lat' dir='ltr'><strong>sancti,nulluedel1m</strong></span> <span class='ocrx_word' id='word_1_143' title='bbox 517 1868 620 1924; x_wconf 80' lang='lat' dir='ltr'><strong>metue,</strong></span> <span class='ocrx_word' id='word_1_144' title='bbox 645 1855 754 1913; x_wconf 89' lang='lat' dir='ltr'><strong>nullum</strong></span> <span class='ocrx_word' id='word_1_145' title='bbox 775 1856 985 1933; x_wconf 66' lang='lat' dir='ltr'><strong>jusjurandum,</strong></span> <span class='ocrx_word' id='word_1_146' title='bbox 1007 1855 1085 1912; x_wconf 77' lang='lat' dir='ltr'><strong>nulia</strong></span> 
     </span>
     <span class='ocr_line' id='line_1_22' title="bbox 174 1933 1085 2012; baseline 0.001 -23"><span class='ocrx_word' id='word_1_147' title='bbox 174 1933 284 2006; x_wconf 81' lang='lat' dir='ltr'><strong>religio.</strong></span> <span class='ocrx_word' id='word_1_148' title='bbox 325 1933 400 1990; x_wconf 87' lang='lat' dir='ltr'><strong>Com</strong></span> <span class='ocrx_word' id='word_1_149' title='bbox 422 1934 477 1990; x_wconf 89' lang='lat' dir='ltr'><strong>bac</strong></span> <span class='ocrx_word' id='word_1_150' title='bbox 500 1933 596 1992; x_wconf 91' lang='lat' dir='ltr'><strong>indole</strong></span> <span class='ocrx_word' id='word_1_151' title='bbox 619 1934 755 1993; x_wconf 88' lang='lat' dir='ltr'><strong>virtutum</strong></span> <span class='ocrx_word' id='word_1_152' title='bbox 780 1947 867 2012; x_wconf 77' lang='lat' dir='ltr'><strong>atque</strong></span> <span class='ocrx_word' id='word_1_153' title='bbox 891 1934 1085 1993; x_wconf 85' lang='lat' dir='ltr'><strong>vitiorumtri·</strong></span> 
     </span>
     <span class='ocr_line' id='line_1_23' title="bbox 176 2007 1086 2091; baseline 0.004 -23"><span class='ocrx_word' id='word_1_154' title='bbox 176 2009 261 2068; x_wconf 87' lang='lat' dir='ltr'><strong>ennio</strong></span> <span class='ocrx_word' id='word_1_155' title='bbox 276 2012 330 2068; x_wconf 86' lang='lat' dir='ltr'><strong>sub</strong></span> <span class='ocrx_word' id='word_1_156' title='bbox 345 2007 530 2068; x_wconf 80' lang='lat' dir='ltr'><strong>Hasdrubale</strong></span> <span class='ocrx_word' id='word_1_157' title='bbox 545 2011 716 2090; x_wconf 74' lang='lat' dir='ltr'><strong>imperatore</strong></span> <span class='ocrx_word' id='word_1_158' title='bbox 730 2014 842 2082; x_wconf 87' lang='lat' dir='ltr'><strong>meruit,</strong></span> <span class='ocrx_word' id='word_1_159' title='bbox 858 2013 937 2072; x_wconf 75' lang='lat' dir='ltr'><strong>nullia</strong></span> <span class='ocrx_word' id='word_1_160' title='bbox 949 2030 990 2083; x_wconf 84' lang='lat' dir='ltr'><strong>ra,</strong></span> <span class='ocrx_word' id='word_1_161' title='bbox 1012 2026 1086 2091; x_wconf 80' lang='lat' dir='ltr'><strong>quae</strong></span> 
     </span>
     <span class='ocr_line' id='line_1_24' title="bbox 176 2087 1088 2184; baseline 0.001 -38"><span class='ocrx_word' id='word_1_162' title='bbox 176 2087 288 2184; x_wconf 63' lang='lat' dir='ltr'><strong>agenda</strong></span> <span class='ocrx_word' id='word_1_163' title='bbox 314 2088 493 2167; x_wconf 85' lang='lat' dir='ltr'><strong>videndaque</strong></span> <span class='ocrx_word' id='word_1_164' title='bbox 517 2103 623 2169; x_wconf 84' lang='lat' dir='ltr'><strong>magno</strong></span> <span class='ocrx_word' id='word_1_165' title='bbox 645 2092 744 2151; x_wconf 83' lang='lat' dir='ltr'><strong>futuro</strong></span> <span class='ocrx_word' id='word_1_166' title='bbox 768 2092 836 2152; x_wconf 90' lang='lat' dir='ltr'><strong>duci</strong></span> <span class='ocrx_word' id='word_1_167' title='bbox 860 2104 946 2161; x_wconf 80' lang='lat' dir='ltr'><strong>esset,</strong></span> <span class='ocrx_word' id='word_1_168' title='bbox 960 2105 1088 2169; x_wconf 87' lang='lat' dir='ltr'><strong>praeter·</strong></span> 
     </span>
     <span class='ocr_line' id='line_1_25' title="bbox 176 2181 891 2223; baseline 0 0"><span class='ocrx_word' id='word_1_169' title='bbox 176 2181 290 2223; x_wconf 73' lang='lat' dir='ltr'><strong>missa·</strong></span> <span class='ocrx_word' id='word_1_170' title='bbox 569 2187 571 2194; x_wconf 25' lang='grc' dir='ltr'><strong>Τ</strong></span> <span class='ocrx_word' id='word_1_171' title='bbox 888 2187 891 2194; x_wconf 91' lang='grc'>·</span> 
     </span>
    </p>

    <p class='ocr_par' dir='ltr' id='par_1_3' title="bbox 129 2235 1220 3572">
     <span class='ocr_line' id='line_1_26' title="bbox 216 2235 1087 2324; baseline 0.002 -24"><span class='ocrx_word' id='word_1_172' title='bbox 216 2243 253 2300; x_wconf 91' lang='lat' dir='ltr'><strong>V.</strong></span> <span class='ocrx_word' id='word_1_173' title='bbox 274 2235 443 2314; x_wconf 73' lang='lat' dir='ltr'><strong>C&#39;nrnautt,</strong></span> <span class='ocrx_word' id='word_1_174' title='bbox 469 2265 505 2305; x_wconf 87' lang='lat' dir='ltr'><strong>ex</strong></span> <span class='ocrx_word' id='word_1_175' title='bbox 527 2263 584 2324; x_wconf 89' lang='lat' dir='ltr'><strong>quo</strong></span> <span class='ocrx_word' id='word_1_176' title='bbox 606 2247 652 2306; x_wconf 88' lang='lat' dir='ltr'><strong>die</strong></span> <span class='ocrx_word' id='word_1_177' title='bbox 678 2239 737 2306; x_wconf 63' lang='lat' dir='ltr'><strong>dnn</strong></span> <span class='ocrx_word' id='word_1_178' title='bbox 751 2257 795 2306; x_wconf 86' lang='lat' dir='ltr'><strong>est</strong></span> <span class='ocrx_word' id='word_1_179' title='bbox 815 2245 986 2313; x_wconf 77' lang='lat' dir='ltr'><strong>declaratur,</strong></span> <span class='ocrx_word' id='word_1_180' title='bbox 1008 2243 1087 2302; x_wconf 79' lang='lat' dir='ltr'><strong>volut</strong></span> 
     </span>
     <span class='ocr_line' id='line_1_27' title="bbox 176 2322 1088 2403; baseline -0.001 -23"><span class='ocrx_word' id='word_1_181' title='bbox 176 2322 261 2380; x_wconf 87' lang='lat' dir='ltr'><strong>Italia</strong></span> <span class='ocrx_word' id='word_1_182' title='bbox 275 2322 460 2400; x_wconf 87' lang='lat' dir='ltr'><strong>eiprovincia</strong></span> <span class='ocrx_word' id='word_1_183' title='bbox 481 2325 606 2395; x_wconf 85' lang='lat' dir='ltr'><strong>decreta,</strong></span> <span class='ocrx_word' id='word_1_184' title='bbox 632 2325 798 2403; x_wconf 87' lang='lat' dir='ltr'><strong>bellumque</strong></span> <span class='ocrx_word' id='word_1_185' title='bbox 822 2325 984 2382; x_wconf 84' lang='lat' dir='ltr'><strong>Romanum</strong></span> <span class='ocrx_word' id='word_1_186' title='bbox 1006 2337 1088 2380; x_wconf 88' lang='lat' dir='ltr'><strong>man-</strong></span> 
     </span>
     <span class='ocr_line' id='line_1_28' title="bbox 177 2398 1087 2479; baseline -0.001 -21"><span class='ocrx_word' id='word_1_187' title='bbox 177 2402 277 2478; x_wconf 81' lang='lat' dir='ltr'><strong>datum</strong></span> <span class='ocrx_word' id='word_1_188' title='bbox 290 2411 376 2468; x_wconf 86' lang='lat' dir='ltr'><strong>esset,</strong></span> <span class='ocrx_word' id='word_1_189' title='bbox 388 2398 457 2458; x_wconf 84' lang='lat' dir='ltr'><strong>nihil</strong></span> <span class='ocrx_word' id='word_1_190' title='bbox 471 2403 671 2479; x_wconf 84' lang='lat' dir='ltr'><strong>prolatandum</strong></span> <span class='ocrx_word' id='word_1_191' title='bbox 685 2415 774 2473; x_wconf 80' lang='lat' dir='ltr'><strong>tatus,</strong></span> <span class='ocrx_word' id='word_1_192' title='bbox 799 2413 835 2460; x_wconf 89' lang='lat' dir='ltr'><strong>ne</strong></span> <span class='ocrx_word' id='word_1_193' title='bbox 852 2403 890 2460; x_wconf 73' lang='lat' dir='ltr'><strong>‘se</strong></span> <span class='ocrx_word' id='word_1_194' title='bbox 910 2418 1033 2478; x_wconf 88' lang='lat' dir='ltr'><strong>quoque,</strong></span> <span class='ocrx_word' id='word_1_195' title='bbox 1054 2407 1087 2458; x_wconf 91' lang='lat' dir='ltr'><strong>ut</strong></span> 
     </span>
     <span class='ocr_line' id='line_1_29' title="bbox 176 2476 1087 2556; baseline -0.002 -20"><span class='ocrx_word' id='word_1_196' title='bbox 176 2487 287 2556; x_wconf 84' lang='lat' dir='ltr'><strong>patrem</strong></span> <span class='ocrx_word' id='word_1_197' title='bbox 304 2476 507 2549; x_wconf 86' lang='lat' dir='ltr'><strong>Hamilcarem,</strong></span> <span class='ocrx_word' id='word_1_198' title='bbox 522 2481 627 2540; x_wconf 89' lang='lat' dir='ltr'><strong>deinde</strong></span> <span class='ocrx_word' id='word_1_199' title='bbox 651 2482 875 2550; x_wconf 85' lang='lat' dir='ltr'><strong>Hasdrubalem,</strong></span> <span class='ocrx_word' id='word_1_200' title='bbox 901 2490 1087 2538; x_wconf 82' lang='lat' dir='ltr'><strong>cunctantem</strong></span> 
     </span>
     <span class='ocr_line' id='line_1_30' title="bbox 178 2557 1087 2636; baseline -0.003 -20"><span class='ocrx_word' id='word_1_201' title='bbox 178 2557 377 2636; x_wconf 75' lang='lat' dir='ltr'><strong>casuealiquie</strong></span> <span class='ocrx_word' id='word_1_202' title='bbox 390 2559 573 2636; x_wconf 75' lang='lat' dir='ltr'><strong>opprImeret,</strong></span> <span class='ocrx_word' id='word_1_203' title='bbox 598 2557 763 2636; x_wconf 81' lang='lat' dir='ltr'><strong>Saguntinis</strong></span> <span class='ocrx_word' id='word_1_204' title='bbox 784 2559 887 2618; x_wconf 82' lang='lat' dir='ltr'><strong>inferre</strong></span> <span class='ocrx_word' id='word_1_205' title='bbox 906 2557 1015 2617; x_wconf 90' lang='lat' dir='ltr'><strong>beilum</strong></span> <span class='ocrx_word' id='word_1_206' title='bbox 1029 2568 1087 2614; x_wconf 85' lang='lat' dir='ltr'><strong>sta·</strong></span> 
     </span>
     <span class='ocr_line' id='line_1_31' title="bbox 177 2635 1087 2718; baseline -0.001 -25"><span class='ocrx_word' id='word_1_207' title='bbox 177 2636 245 2693; x_wconf 86' lang='lat' dir='ltr'><strong>tuit.</strong></span> <span class='ocrx_word' id='word_1_208' title='bbox 265 2638 369 2712; x_wconf 83' lang='lat' dir='ltr'><strong>quibus</strong></span> <span class='ocrx_word' id='word_1_209' title='bbox 379 2639 579 2715; x_wconf 74' lang='lat' dir='ltr'><strong>oppugnandis</strong></span> <span class='ocrx_word' id='word_1_210' title='bbox 602 2639 669 2718; x_wconf 85' lang='lat' dir='ltr'><strong>quia</strong></span> <span class='ocrx_word' id='word_1_211' title='bbox 692 2638 770 2707; x_wconf 87' lang='lat' dir='ltr'><strong>haud</strong></span> <span class='ocrx_word' id='word_1_212' title='bbox 794 2637 882 2697; x_wconf 81' lang='lat' dir='ltr'><strong>dubie</strong></span> <span class='ocrx_word' id='word_1_213' title='bbox 897 2635 1030 2702; x_wconf 73' lang='lat' dir='ltr'><strong>Romana</strong></span> <span class='ocrx_word' id='word_1_214' title='bbox 1043 2651 1087 2692; x_wconf 82' lang='lat' dir='ltr'><strong>ar·</strong></span> 
     </span>
     <span class='ocr_line' id='line_1_32' title="bbox 178 2715 1087 2794; baseline -0.003 -25"><span class='ocrx_word' id='word_1_215' title='bbox 178 2731 227 2769; x_wconf 85' lang='lat' dir='ltr'><strong>rna</strong></span> <span class='ocrx_word' id='word_1_216' title='bbox 240 2715 438 2782; x_wconf 86' lang='lat' dir='ltr'><strong>movebantur,</strong></span> <span class='ocrx_word' id='word_1_217' title='bbox 461 2717 490 2773; x_wconf 90' lang='lat' dir='ltr'><strong>in</strong></span> <span class='ocrx_word' id='word_1_218' title='bbox 514 2716 658 2776; x_wconf 88' lang='lat' dir='ltr'><strong>Olcadum</strong></span> <span class='ocrx_word' id='word_1_219' title='bbox 679 2717 751 2776; x_wconf 82' lang='lat' dir='ltr'><strong>fines</strong></span> <span class='ocrx_word' id='word_1_220' title='bbox 775 2717 852 2794; x_wconf 79' lang='lat' dir='ltr'><strong>prius</strong></span> <span class='ocrx_word' id='word_1_221' title='bbox 871 2715 957 2786; x_wconf 86' lang='lat' dir='ltr'><strong>(ultra</strong></span> <span class='ocrx_word' id='word_1_222' title='bbox 970 2715 1087 2770; x_wconf 83' lang='lat' dir='ltr'><strong>Iberum</strong></span> 
     </span>
     <span class='ocr_line' id='line_1_33' title="bbox 179 2788 1086 2867; baseline -0.003 -19"><span class='ocrx_word' id='word_1_223' title='bbox 179 2809 214 2848; x_wconf 88' lang='lat' dir='ltr'><strong>ca</strong></span> <span class='ocrx_word' id='word_1_224' title='bbox 227 2801 298 2865; x_wconf 83' lang='lat' dir='ltr'><strong>&#39;gens</strong></span> <span class='ocrx_word' id='word_1_225' title='bbox 311 2789 341 2847; x_wconf 86' lang='lat' dir='ltr'><strong>in</strong></span> <span class='ocrx_word' id='word_1_226' title='bbox 354 2801 436 2866; x_wconf 85' lang='lat' dir='ltr'><strong>parte</strong></span> <span class='ocrx_word' id='word_1_227' title='bbox 449 2795 549 2867; x_wconf 79' lang='lat' dir='ltr'><strong>magis,</strong></span> <span class='ocrx_word' id='word_1_228' title='bbox 564 2811 650 2867; x_wconf 86' lang='lat' dir='ltr'><strong>quarn</strong></span> <span class='ocrx_word' id='word_1_229' title='bbox 668 2793 700 2846; x_wconf 85' lang='lat' dir='ltr'><strong>in&#39;</strong></span> <span class='ocrx_word' id='word_1_230' title='bbox 722 2793 839 2857; x_wconf 90' lang='lat' dir='ltr'><strong>ditione,</strong></span> <span class='ocrx_word' id='word_1_231' title='bbox 864 2788 1086 2866; x_wconf 84' lang='lat' dir='ltr'><strong>Karthaginien-</strong></span> 
     </span>
     <span class='ocr_line' id='line_1_34' title="bbox 177 2865 1087 2944; baseline -0.003 -18"><span class='ocrx_word' id='word_1_232' title='bbox 177 2869 252 2926; x_wconf 77' lang='lat' dir='ltr'><strong>sium</strong></span> <span class='ocrx_word' id='word_1_233' title='bbox 276 2870 349 2943; x_wconf 83' lang='lat' dir='ltr'><strong>erat)</strong></span> <span class='ocrx_word' id='word_1_234' title='bbox 370 2867 483 2941; x_wconf 61' lang='lat' dir='ltr'><strong>induerit</strong></span> <span class='ocrx_word' id='word_1_235' title='bbox 504 2868 729 2935; x_wconf 53' lang='lat' dir='ltr'><strong>exereitumput</strong></span> <span class='ocrx_word' id='word_1_236' title='bbox 752 2887 810 2926; x_wconf 92' lang='lat' dir='ltr'><strong>non</strong></span> <span class='ocrx_word' id='word_1_237' title='bbox 830 2865 1087 2944; x_wconf 67' lang='lat' dir='ltr'><strong>patese‘sagunti»</strong></span> 
     </span>
     <span class='ocr_line' id='line_1_35' title="bbox 178 2943 1087 3022; baseline 0.001 -19"><span class='ocrx_word' id='word_1_238' title='bbox 178 2965 240 3014; x_wconf 84' lang='lat' dir='ltr'><strong>noe,</strong></span> <span class='ocrx_word' id='word_1_239' title='bbox 250 2945 307 3005; x_wconf 51' lang='lat' dir='ltr'><strong>,sed</strong></span> <span class='ocrx_word' id='word_1_240' title='bbox 320 2960 414 3003; x_wconf 88' lang='lat' dir='ltr'><strong>rerum</strong></span> <span class='ocrx_word' id='word_1_241' title='bbox 428 2943 649 3011; x_wconf 84' lang='lat' dir='ltr'><strong>eetie‚&#39;finitimls</strong></span> <span class='ocrx_word' id='word_1_242' title='bbox 669 2944 785 3003; x_wconf 86' lang='lat' dir='ltr'><strong>domitis</strong></span> <span class='ocrx_word' id='word_1_243' title='bbox 808 2945 953 3022; x_wconf 79' lang='lat' dir='ltr'><strong>gentibue,</strong></span> <span class='ocrx_word' id='word_1_244' title='bbox 965 2947 1087 3022; x_wconf 86' lang='lat' dir='ltr'><strong>jungen-</strong></span> 
     </span>
     <span class='ocr_line' id='line_1_36' title="bbox 178 3022 1086 3102; baseline 0 -22"><span class='ocrx_word' id='word_1_245' title='bbox 178 3023 283 3100; x_wconf 84' lang='lat' dir='ltr'><strong>doque,</strong></span> <span class='ocrx_word' id='word_1_246' title='bbox 306 3030 414 3080; x_wconf 80' lang='lat' dir='ltr'><strong>tractus</strong></span> <span class='ocrx_word' id='word_1_247' title='bbox 435 3022 472 3079; x_wconf 92' lang='lat' dir='ltr'><strong>ad</strong></span> <span class='ocrx_word' id='word_1_248' title='bbox 493 3022 523 3079; x_wconf 87' lang='lat' dir='ltr'><strong>id</strong></span> <span class='ocrx_word' id='word_1_249' title='bbox 546 3022 654 3081; x_wconf 89' lang='lat' dir='ltr'><strong>bellum</strong></span> <span class='ocrx_word' id='word_1_250' title='bbox 674 3023 762 3082; x_wconf 82' lang='lat' dir='ltr'><strong>videri</strong></span> <span class='ocrx_word' id='word_1_251' title='bbox 784 3033 890 3102; x_wconf 84' lang='lat' dir='ltr'><strong>posset.</strong></span> <span class='ocrx_word' id='word_1_252' title='bbox 931 3023 1086 3100; x_wconf 83' lang='lat' dir='ltr'><strong>Cartejarn,</strong></span> 
     </span>
     <span class='ocr_line' id='line_1_37' title="bbox 180 3101 1119 3182; baseline 0.004 -24"><span class='ocrx_word' id='word_1_253' title='bbox 180 3103 282 3167; x_wconf 90' lang='lat' dir='ltr'><strong>urbem</strong></span> <span class='ocrx_word' id='word_1_254' title='bbox 297 3101 473 3179; x_wconf 80' lang='lat' dir='ltr'><strong>opulentam,</strong></span> <span class='ocrx_word' id='word_1_255' title='bbox 488 3113 576 3179; x_wconf 84' lang='lat' dir='ltr'><strong>caput</strong></span> <span class='ocrx_word' id='word_1_256' title='bbox 597 3101 691 3179; x_wconf 81' lang='lat' dir='ltr'><strong>gentis</strong></span> <span class='ocrx_word' id='word_1_257' title='bbox 715 3106 786 3180; x_wconf 68' lang='lat' dir='ltr'><strong>eJua</strong></span> <span class='ocrx_word' id='word_1_258' title='bbox 809 3112 956 3182; x_wconf 80' lang='lat' dir='ltr'><strong>expugnat</strong></span> <span class='ocrx_word' id='word_1_259' title='bbox 979 3101 1087 3179; x_wconf 87' lang='lat' dir='ltr'><strong>diripit·</strong></span> <span class='ocrx_word' id='word_1_260' title='bbox 1115 3159 1119 3168; x_wconf 76' lang='grc'>,</span> 
     </span>
     <span class='ocr_line' id='line_1_38' title="bbox 179 3176 1089 3258; baseline 0.004 -22"><span class='ocrx_word' id='word_1_261' title='bbox 179 3199 244 3256; x_wconf 86' lang='lat' dir='ltr'><strong>que.</strong></span> <span class='ocrx_word' id='word_1_262' title='bbox 285 3182 353 3244; x_wconf 49' lang='lat' dir='ltr'><strong>¹Quo</strong></span> <span class='ocrx_word' id='word_1_263' title='bbox 367 3190 446 3237; x_wconf 91' lang='lat' dir='ltr'><strong>ruetu</strong></span> <span class='ocrx_word' id='word_1_264' title='bbox 467 3176 765 3257; x_wconf 83' lang='lat' dir='ltr'><strong>perculsae‚min&#39;ores</strong></span> <span class='ocrx_word' id='word_1_265' title='bbox 787 3181 924 3250; x_wconf 79' lang='lat' dir='ltr'><strong>civitatee,</strong></span> <span class='ocrx_word' id='word_1_266' title='bbox 946 3181 1089 3258; x_wconf 87' lang='lat' dir='ltr'><strong>stipendio</strong></span> 
     </span>
     <span class='ocr_line' id='line_1_39' title="bbox 129 3257 1088 3336; baseline 0.004 -22"><span class='ocrx_word' id='word_1_267' title='bbox 129 3261 131 3269; x_wconf 91' lang='lat'>&#39;</span> <span class='ocrx_word' id='word_1_268' title='bbox 154 3265 158 3274; x_wconf 96' lang='grc'>’</span> <span class='ocrx_word' id='word_1_269' title='bbox 178 3258 321 3335; x_wconf 82' lang='lat' dir='ltr'><strong>imposito,</strong></span> <span class='ocrx_word' id='word_1_270' title='bbox 342 3257 490 3335; x_wconf 87' lang='lat' dir='ltr'><strong>imperium</strong></span> <span class='ocrx_word' id='word_1_271' title='bbox 511 3261 771 3336; x_wconf 77' lang='lat' dir='ltr'><strong>accepere-victor</strong></span> <span class='ocrx_word' id='word_1_272' title='bbox 793 3259 945 3328; x_wconf 83' lang='lat' dir='ltr'><strong>exercitus,</strong></span> <span class='ocrx_word' id='word_1_273' title='bbox 970 3259 1088 3336; x_wconf 85' lang='lat' dir='ltr'><strong>opulen-</strong></span> 
     </span>
     <span class='ocr_line' id='line_1_40' title="bbox 178 3336 1134 3422; baseline -0.002 -28"><span class='ocrx_word' id='word_1_274' title='bbox 178 3347 284 3414; x_wconf 85' lang='lat' dir='ltr'><strong>tusque</strong></span> <span class='ocrx_word' id='word_1_275' title='bbox 296 3337 412 3422; x_wconf 74' lang='lat' dir='ltr'><strong>praeda,</strong></span> <span class='ocrx_word' id='word_1_276' title='bbox 435 3336 645 3416; x_wconf 82' lang='lat' dir='ltr'><strong>Karthaginem</strong></span> <span class='ocrx_word' id='word_1_277' title='bbox 659 3338 772 3398; x_wconf 87' lang='lat' dir='ltr'><strong>Novam</strong></span> <span class='ocrx_word' id='word_1_278' title='bbox 787 3339 815 3396; x_wconf 89' lang='lat' dir='ltr'><strong>ln</strong></span> <span class='ocrx_word' id='word_1_279' title='bbox 840 3339 960 3399; x_wconf 79' lang='lat' dir='ltr'><strong>hiberna</strong></span> <span class='ocrx_word' id='word_1_280' title='bbox 980 3349 1024 3398; x_wconf 88' lang='lat' dir='ltr'><strong>est</strong></span> <span class='ocrx_word' id='word_1_281' title='bbox 1038 3337 1087 3393; x_wconf 82' lang='lat' dir='ltr'><strong>‹le-</strong></span> <span class='ocrx_word' id='word_1_282' title='bbox 1132 3365 1134 3371; x_wconf 70' lang='lat'><strong>,</strong></span> 
     </span>
     <span class='ocr_line' id='line_1_41' title="bbox 150 3414 1087 3502; baseline -0.002 -31"><span class='ocrx_word' id='word_1_283' title='bbox 150 3467 152 3471; x_wconf 89' lang='lat'><em>.</em></span> <span class='ocrx_word' id='word_1_284' title='bbox 179 3414 313 3476; x_wconf 74' lang='lat' dir='ltr'><strong>ducruea</strong></span> <span class='ocrx_word' id='word_1_285' title='bbox 325 3416 379 3488; x_wconf 45' lang='lat' dir='ltr'><strong>xlbi</strong></span> <span class='ocrx_word' id='word_1_286' title='bbox 393 3415 471 3492; x_wconf 86' lang='lat' dir='ltr'><strong>large</strong></span> <span class='ocrx_word' id='word_1_287' title='bbox 484 3417 634 3494; x_wconf 88' lang='lat' dir='ltr'><strong>partiendo</strong></span> <span class='ocrx_word' id='word_1_288' title='bbox 648 3418 792 3502; x_wconf 88' lang='lat' dir='ltr'><strong>praedam,</strong></span> <span class='ocrx_word' id='word_1_289' title='bbox 808 3416 951 3494; x_wconf 79' lang='lat' dir='ltr'><strong>stipendio</strong></span> <span class='ocrx_word' id='word_1_290' title='bbox 964 3425 1087 3492; x_wconf 86' lang='lat' dir='ltr'><strong>praeter-</strong></span> 
     </span>
     <span class='ocr_line' id='line_1_42' title="bbox 178 3491 1220 3572; baseline -0.003 -19"><span class='ocrx_word' id='word_1_291' title='bbox 178 3491 220 3554; x_wconf 65' lang='lat' dir='ltr'><strong>ito</strong></span> <span class='ocrx_word' id='word_1_292' title='bbox 244 3507 314 3560; x_wconf 83' lang='lat' dir='ltr'><strong>cum</strong></span> <span class='ocrx_word' id='word_1_293' title='bbox 335 3493 392 3554; x_wconf 83' lang='lat' dir='ltr'><strong>ilde</strong></span> <span class='ocrx_word' id='word_1_294' title='bbox 416 3495 600 3568; x_wconf 80' lang='lat' dir='ltr'><strong>exsolvendo,</strong></span> <span class='ocrx_word' id='word_1_295' title='bbox 623 3496 737 3556; x_wconf 79' lang='lat' dir='ltr'><strong>cunctis</strong></span> <span class='ocrx_word' id='word_1_296' title='bbox 760 3495 865 3555; x_wconf 88' lang='lat' dir='ltr'><strong>civium</strong></span> <span class='ocrx_word' id='word_1_297' title='bbox 888 3494 1087 3571; x_wconf 81' lang='lat' dir='ltr'><strong>sociorumque</strong></span> <span class='ocrx_word' id='word_1_298' title='bbox 1120 3562 1126 3572; x_wconf 92' lang='lat'><em>.</em></span> <span class='ocrx_word' id='word_1_299' title='bbox 1219 3525 1220 3570; x_wconf 74' lang='lat'>1</span> 
     </span>
    </p>
   </div>
   <div class='ocr_carea' id='block_1_3' title="bbox 0 0 1284 4010">
    <p class='ocr_par' dir='ltr' id='par_1_4' title="bbox 0 0 1284 4010">
     <span class='ocr_line' id='line_1_43' title="bbox 0 0 1284 4010; baseline 0 0"><span class='ocrx_word' id='word_1_300' title='bbox 0 0 1284 4010; x_wconf 95' lang='lat' dir='ltr'><strong> </strong></span> 
     </span>
    </p>
   </div>
  </div>
 </body>
</html>
