2386 3930
172 243 240 328 'aso
536 263 570 322 r.
597 263 731 322 mvn

171 425 237 479 'tun
259 419 414 478 interfectis
436 417 478 486 iis,
499 428 527 475 et
547 417 729 477 multitudine
752 419 791 476 ad
814 417 981 478 concionem
1001 439 1088 478 voca-

182 499 220 566 tir,
235 509 265 556 et
285 498 416 576 inopiam,
431 495 486 572 qui.
507 495 559 572 ipsi
583 496 657 554 inter
677 515 708 555 se
728 495 846 555 fremer‘e
869 497 985 556 occulte
1009 498 1089 556 soliti

171 587 272 646 crant,
297 573 451 650 conquesti,
476 591 637 650 quanquam
662 586 704 632 tot
732 575 805 631 mala
830 586 971 650 urgerent,
997 577 1090 652 aegis·

169 657 256 718 runt,
270 651 409 708 fortunam
434 652 626 707 accusandam
648 671 719 720 esse,
733 651 807 727 quod
828 651 856 706 in
872 651 993 728 ipsorum
1007 665 1092 710 esset

170 727 331 806 potestate,
360 727 498 804 quamdiu
524 747 559 786 ea
585 739 756 804 paterentur.
805 728 943 785 Romanis
969 745 1093 786 causam

180 805 363 883 oppugnandi
390 807 544 882 Syracusas
557 806 644 863 fuisse
667 807 814 864 caritatem
834 805 1091 883 Syracusanorum,

180 899 238 938 nou
252 884 366 940 odium:
397 895 520 949 nam„ut
541 894 693 959 occupatas
712 902 757 940 res
772 885 808 941 ab
823 884 991 944 satellitibus
1005 883 1093 940 Han-

180 958 284 1017 nibalis
308 959 411 1032 deinde
436 961 613 1038 Hieronymi,
639 960 816 1038 Hippocrate
840 972 926 1037 atque
950 959 1092 1036 Epicyde,

171 1037 406 1109 'audierint,tum
429 1039 536 1096 bellurn
558 1037 686 1105 movisse,
702 1049 732 1095 et
755 1039 885 1096 obsidere
910 1037 1009 1095 urbem
1024 1055 1094 1095 coe·

108 1163 112 1172 .
182 1115 267 1194 pisse,
293 1129 324 1175 ut
346 1115 475 1175 crudeles
498 1128 632 1191 tyrannos
652 1118 722 1192 ejus,
736 1135 794 1172 non
814 1129 846 1174 ut
867 1115 957 1192 ipsam
981 1114 1093 1184 urbem,

173 1195 397 1269 expugnarent.⁴
447 1193 623 1270 Hippocrate
650 1211 717 1250 vero
751 1195 931 1272 interempto,
961 1191 1094 1268 Epicyde

183 1270 336 1327 intercluso
350 1272 386 1327 ab
403 1269 558 1346 Syracusis,
580 1280 609 1326 et
631 1269 782 1346 praefectis
805 1273 866 1346 ejus
891 1269 1000 1337 occisis,
1016 1269 1095 1325 Kar·

183 1343 408 1416 thaginiensibus
432 1346 508 1400 omni
531 1345 710 1420 possessione
732 1347 845 1404 Siciliae
869 1350 945 1405 terris
965 1342 1095 1422 marique

173 1419 279 1509 pulsis,
300 1439 385 1498 quam
410 1437 555 1496 superesse
569 1437 685 1477 causam
710 1419 857 1489 Romanis,
873 1442 924 1479 cur
945 1443 1012 1491 uon,
1028 1441 1093 1498 per-

182 1497 249 1555 inde
263 1515 297 1556 ac
311 1499 335 1556 si
356 1496 446 1556 Hiero
467 1496 528 1572 ipse
540 1495 655 1565 vireret,
670 1496 770 1554 unicus
784 1495 932 1554 Romanae
946 1499 1096 1561 amicitiae

184 1575 286 1646 cultor,
307 1576 466 1634 incolumes
484 1573 640 1650 Syracusas
664 1593 727 1632 esse
748 1573 860 1632 velint?
909 1567 1011 1650 ltaqde
1035 1593 1098 1634 nec

184 1654 247 1712 urbi
262 1673 316 1713 nec
329 1654 493 1712 hominibus
507 1651 583 1710 aliud
605 1653 772 1728 periculum,
787 1669 871 1729 quam
895 1653 931 1709 ab
946 1662 1037 1718 semet
1051 1653 1096 1730 ip-

174 1732 233 1800 sis,
248 1752 320 1802 esse,
335 1732 359 1790 si
382 1730 562 1791 occasionem
585 1729 786 1786 reconciliandi
807 1749 838 1786 se
861 1729 997 1786 Romanis
1012 1747 1095 1805 prae-

186 1811 380 1877 termisissent,
396 1812 470 1885 (eam
494 1816 600 1876 autem,
615 1806 704 1882 qualis
724 1807 771 1864 illo
786 1819 931 1864 momento
945 1807 1032 1863 horae
1047 1807 1094 1876 sit,

186 1885 293 1943 nullam
308 1885 410 1942 deinde
430 1883 502 1962 fore)
516 1883 599 1966 simul
618 1883 754 1942 liberatos
774 1886 811 1942 ab
830 1884 1035 1968 impotentibus
1049 1895 1095 1962 ty·

177 1963 281 2020 'tannis
295 1962 480 2038 apparuisset.

189 2055 192 2062 ’
226 2039 336 2098 XXIX.
376 2038 518 2096 Ouurum
542 2037 651 2116 ingenti
677 2057 795 2098 assensu
822 2039 920 2098 audita
945 2057 980 2097 ea
1002 2041 1095 2098 oratio
1123 2039 1126 2042 ’

187 2130 240 2176 cst.
280 2118 431 2176 Praetores
445 2128 542 2176 tamen
564 2118 642 2195 prius
656 2117 753 2186 creari,
768 2136 854 2195 quam
876 2118 985 2193 legatos
1005 2118 1097 2175 nomi-

187 2195 258 2264 nari,
289 2194 405 2274 placuit.
431 2213 468 2254 ex
496 2195 621 2270 ipsorum
651 2195 763 2254 deinde.
788 2207 950 2272 praetorum
976 2213 1097 2253 numero

187 2273 265 2331 missi
280 2286 407 2332 oratores
426 2272 463 2330 ad
484 2271 675 2330 Marcellum:
696 2291 813 2349 quorum
834 2271 974 2348 princeps,
996 2281 1016 2308 ‘⁴
1037 2271 1099 2330 Ne·

190 2359 208 2388 “
229 2371 284 2428 que
304 2348 420 2427 primo,”
440 2348 540 2425 inquit,
562 2359 580 2385 “
602 2348 771 2426 Syracusani
791 2365 809 2406 a
828 2347 908 2405 vobis
929 2346 1098 2419 defecimus,

178 2429 210 2467 '“
230 2429 281 2486 sed
295 2428 498 2506 Hieronymus,
513 2445 692 2504 nequaquam
706 2425 808 2482 tamin
822 2445 872 2482 vos
886 2425 997 2504 impius,
1010 2445 1099 2504 quam

193 2516 211 2544 “
231 2508 260 2564 in
273 2525 343 2564 nos:
364 2525 419 2564 uec
431 2516 531 2582 postes
545 2521 654 2580 pacem,
670 2503 782 2582 tyranni
796 2501 885 2562 caede
899 2505 1099 2578 compositam,

193 2593 211 2621 '⁴
233 2584 418 2663 Syracusanis
438 2582 500 2660 quis
521 2601 596 2650 uam,
610 2579 661 2639 sed
684 2581 819 2640 satellites
842 2581 920 2656 regii,
936 2581 1100 2656 Hippocra-

180 2670 210 2697 “‘
231 2673 275 2719 tes
298 2673 385 2740 atque
409 2601 563 2740 Epicydes,
577 2660 719 2737 oppressis
737 2660 821 2718 nobis
840 2659 908 2717 hinc
928 2672 1015 2727 metu,
1029 2658 1100 2718 hinc

181 2739 211 2772 '“
230 2738 340 2806 fraude,
356 2739 550 2798 turbaverunt.
579 2757 633 2796 uec
653 2735 800 2814 quisquam
815 2737 909 2795 dicere
930 2737 1099 2814 potest,·ali-

192 2821 211 2849 “
232 2815 346 2888 quando
360 2816 443 2873 nobis
466 2815 605 2874 libertatis
618 2826 731 2890 tempus
751 2815 846 2880 fuisse,
861 2815 941 2891 quodv
957 2813 1035 2888 pacis
1049 2833 1098 2871 vo·

101 2907 112 2914 ³
179 2891 212 2925 ’“
230 2886 342 2944 biscum
357 2909 414 2946 non
428 2889 521 2946 fuerit.
562 2890 647 2948 Nunc
661 2901 747 2957 certe,
762 2891 850 2946 caede
864 2907 971 2955 eorum,
986 2890 1036 2966 qui
1050 2910 1099 2968 op-

179 2969 212 3002 “‘
232 2981 343 3042 pressas
362 2965 500 3020 tenebant
522 2963 686 3039 Syracusas,
708 2983 794 3039 quum
815 2965 938 3040 primum
952 2967 1042 3024 nostri
1057 2986 1100 3032 ar·

194 3051 213 3081 “
233 3040 307 3100 bitrii
329 3059 392 3098 esse
415 3039 569 3116 coepimus,
586 3039 731 3117 extemplo
749 3041 879 3101 venimus
900 3044 937 3100 ad
960 3045 1101 3103 tradenda

194 3129 213 3158 ‘⁸
233 3137 329 3185 arma;
357 3117 505 3186 dedendos
525 3137 586 3188 nos,
602 3119 713 3186 urbem,
733 3120 864 3186 moeniat
891 3121 998 3178 nullam
1019 3141 1100 3180 recn-

194 3204 213 3235 ’“
235 3197 353 3254 sandam
365 3194 517 3265 fortunam,
532 3215 605 3275 quae
625 3196 757 3274 imposita
770 3215 787 3254 a
801 3196 881 3255 vobis
894 3198 987 3255 fuerit.
1029 3197 1100 3256 Glo-

195 3283 214 3312 “
233 3274 304 3332 riam
323 3283 424 3352 captae
438 3273 628 3332 nobilissimae
641 3275 904 3352 pulcherrimaeque
917 3275 995 3332 urbis
1009 3275 1100 3335 Grae·

179 3361 215 3388 ‘⁶‘
234 3367 331 3409 carum
346 3352 394 3410 dei
415 3351 467 3410 tibi
489 3348 637 3417 dederunt,
653 3351 800 3410 Marcelle.
821 3353 960 3430 quicquid
975 3371 1101 3442 unquam

195 3435 213 3464 ‘⁸
234 3439 310 3485 terra
331 3427 456 3508 marique
478 3429 693 3498 memorandum
713 3430 861 3506 gessimus,
884 3430 913 3487 id
937 3429 978 3488 tui
1001 3441 1100 3488 tuum·

182 3501 213 3535 '“
232 3504 284 3577 plri
297 3505 380 3592 titulo
394 3507 513 3568 accedit.
554 3507 658 3568 Famae
672 3527 710 3570 ne
723 3507 801 3566 credi
821 3507 897 3581 velis,
913 3516 1017 3586 quanta
1030 3508 1103 3594 urbs
