2406 3932
144 236 199 292 126
495 231 530 289 T.
559 230 702 291 Lrvrl

142 406 188 446 am
213 385 371 444 Ptolemaei
397 385 472 462 regis
496 385 679 463 confugisset,
701 384 868 461 deportatus
889 402 908 444 a
927 383 1053 444 custodi·

142 467 197 522 bus
213 463 415 521 Alexandriam
431 462 468 520 ad
483 464 692 532 Ptolemaeum,
708 481 795 540 quum
808 481 874 520 eum
895 462 1052 532 docuisset,

142 553 243 600 contra
254 543 302 617 jus
314 540 437 600 foederis
451 542 578 598 vinctum
598 561 630 600 se
651 543 688 600 ab
714 539 878 598 Hannibale
898 558 971 608 esse,
993 540 1053 598 vin·

143 620 215 678 culis
236 619 390 686 liberatur;
410 619 646 696 permissumque,
668 630 699 678 ut
720 617 836 685 rediret,
855 635 906 676 seu
926 617 1052 676 Romam

142 717 193 755 seu
216 697 344 774 Capuam
366 695 473 754 mallet.
514 695 578 754 Nec
599 697 714 774 Magius
735 695 866 772 Capuam
887 693 940 754 sibi
959 705 1053 752 tutam

142 777 256 840 diceret
282 786 310 832 et
339 773 463 830 Romam
490 793 525 832 eo
552 787 692 850 tempore,
719 792 776 850 quo
795 773 879 834 inter
905 771 1052 830 Romanos

143 853 362 928 Campanosque
385 851 494 910 bellum
513 853 557 920 sit,
578 850 740 928 transfugae
761 852 862 927 magis,
883 869 968 929 quam
987 850 1060 908 bos.

141 930 217 1007 pitis,
240 929 300 987 fore
321 928 504 987 domicilium.
528 929 667 1006 nusquam
691 928 787 997 malle,
808 948 896 1006 quam
914 928 944 984 in
965 947 1053 1005 regno

140 1010 213 1143 {jus
228 1007 330 1097 vivere,
345 1025 429 1084 quem
454 1007 595 1066 vindicem
619 1017 706 1084 atque
726 1017 873 1064 auctorem
894 1005 1001 1064 habeat
1020 1005 1056 1062 li-

163 1097 270 1144 ertatrs.

182 1163 235 1220 XI.
275 1163 355 1220 Dum
375 1161 448 1220 haec
467 1173 614 1239 geruntur,
639 1165 676 1228 Q,
699 1161 805 1222 Fabius
825 1161 921 1221 Pictor
940 1159 1054 1236 legatus

144 1259 162 1298 a
182 1240 305 1317 Delphis
324 1240 450 1298 Romam
470 1241 563 1310 rediit,
584 1251 810 1318 responsumque
830 1257 866 1298 ex
885 1237 990 1314 scripto
1011 1256 1055 1296 re·

144 1317 260 1374 citavit:
282 1316 336 1374 divi
357 1337 470 1394 quoque
490 1318 519 1376 in
540 1338 575 1376 eo
599 1329 689 1386 erant,
710 1318 814 1394 quibus
835 1315 1054 1394 quoquomodo

145 1393 360 1470 supplicaretur.
390 1406 408 1431 ‘⁴
429 1408 501 1464 tum,
530 1395 553 1453 si
580 1395 621 1454 ita
647 1395 751 1462 faxitis,
781 1394 916 1462 Romani,
945 1404 1055 1452 vestrae

100 1481 118 1502 ⁷
144 1481 162 1508 “
176 1490 222 1528 res
247 1471 377 1530 meliores
399 1473 598 1551 facilioresque
626 1483 727 1532 erunt:
755 1471 903 1548 magisque
930 1489 967 1528 ex
991 1489 1055 1528 sen-

145 1557 163 1586 “
178 1550 268 1608 tentia
292 1551 453 1628 respublica
479 1564 574 1610 vestra
599 1552 681 1610 vobis
708 1549 854 1628 procedet,
880 1548 1056 1624 victoriaque

144 1635 161 1662 “
177 1626 265 1685 duelli
280 1629 377 1705 populi
393 1629 516 1686 Romani
538 1631 600 1688 erit.
641 1629 746 1706 Pythio
771 1625 910 1704 Apollini,
930 1624 1055 1716 republi-

144 1711 162 1740 “
177 1705 213 1762 cri
237 1710 332 1765 vestra
353 1709 428 1764 bene
453 1708 537 1780 gesta
561 1709 738 1780 servataque,
766 1705 852 1760 lucris
876 1704 984 1760 meritis
1005 1703 1056 1760 do·

143 1791 161 1820 “
176 1801 246 1840 num
273 1785 417 1847 mittitote,
449 1781 542 1853 deque
572 1781 688 1854 pracda,
719 1777 862 1835 manubiis
889 1779 1053 1856 spoliisque,

142 1858 314 1915 “honorem
342 1855 494 1918 habetote;
524 1855 669 1911 lasciviam
693 1873 711 1912 a
737 1855 819 1913 tobis
846 1855 1055 1932 prolribetote.”

140 1935 226 1990 Haec
261 1934 310 1989 ubi
344 1951 380 1988 cx
408 1931 521 1988 Graeco
549 1931 675 1990 carmine
702 1933 889 2010 interpretata
914 1935 1054 2005 recitavit,

140 2021 203 2096 tum
217 2008 297 2075 dixit,
319 2027 358 2070 se,
373 2005 489 2065 oraculo
503 2029 660 2086 egressum,
686 2011 832 2090 extemplo
855 2011 900 2070 bis
922 2014 1055 2072 omnibus

132 2083 211 2140 „divis
231 2103 291 2141 rem
312 2084 435 2142 divinam
459 2099 522 2145 ture
546 2107 582 2146 ac
601 2089 668 2146 vino
688 2090 809 2148 fecisset
827 2093 997 2168 jussumque
1016 2093 1054 2149 ab

139 2161 239 2235 templi
260 2162 396 2230 antistite,
420 2163 494 2222 sicut
515 2177 670 2224 coronatus
692 2168 790 2226 laureti
814 2168 920 2226 corona
939 2180 971 2224 et
990 2187 1054 2228 ora·

138 2235 237 2294 culum
261 2240 378 2309 adisset,
401 2253 430 2298 ct
454 2260 513 2298 rem
532 2244 656 2301 divinam
677 2245 801 2311 fecisset,
822 2245 863 2300 ita
883 2255 1054 2302 coronatum

137 2314 234 2372 navim
261 2320 426 2387 ascendere,
455 2338 509 2375 nec
531 2331 598 2377 ante
622 2321 766 2396 deponere
790 2337 864 2389 eam,
886 2339 972 2397 quam
994 2322 1054 2380 Ro·

138 2395 215 2448 mani
230 2395 413 2470 pervenisset.
456 2395 503 2463 Se,
519 2416 718 2474 quaecumque
737 2397 877 2474 imperata
901 2399 966 2468 sint,
988 2419 1055 2458 oum

138 2487 253 2528 summa
279 2473 415 2550 religione
449 2491 484 2531 ac
517 2475 666 2552 diligentia
692 2487 885 2543 exsecutum
919 2495 1055 2536 coronam

137 2543 254 2634 llomae
276 2551 304 2608 in
327 2570 405 2608 arom
432 2552 573 2629 Apollinis
594 2553 770 2631 deposuisse
812 2555 936 2614 Senatus
956 2555 1055 2614 decre·

136 2633 186 2688 vn,
203 2637 237 2682 ut
251 2647 303 2687 eae
323 2649 369 2688 res
393 2630 506 2689 divinae
529 2632 809 2710 supplicationesque
829 2634 921 2710 primo
941 2651 1057 2712 quoque

134 2707 270 2785 tempore
284 2725 351 2763 cum
366 2728 434 2766 cura
446 2709 557 2768 fierent.
597 2711 678 2768 Dum
691 2711 765 2770 haec
786 2711 898 2769 Romae
920 2721 1007 2788 atqua
1026 2713 1056 2770 in

134 2770 223 2831 Italra
237 2795 385 2851 geruntur,
401 2787 522 2842 nuncius
543 2788 678 2844 victoriae
699 2789 736 2845 ad
761 2789 877 2846 Cannas
900 2788 1056 2864 Karthagi-
1129 2809 1132 2816 ·

133 2865 201 2904 nem
218 2869 337 2912 venerat
349 2857 449 2934 Mago,
464 2861 637 2917 Hamilcaris
657 2863 749 2918 filius:
770 2879 829 2918 non
850 2881 888 2920 ex
909 2863 972 2938 ipsa
992 2866 1056 2924 acie

132 2924 254 2986 efrata-e
268 2932 380 3000 missus,
402 2935 453 2990 sed
473 2945 602 2992 retentus
621 2935 730 3011 aliquot
750 2935 812 2994 dies
832 2937 862 2994 in
882 2939 1056 3016 recipiendis

131 3001 303 3090 civitatibus
317 3010 505 3079 Bruttiorum,
526 3030 658 3090 quaeque
678 3012 862 3073 deficiebant
902 3015 942 3086 Is,
963 3037 1054 3094 quum

132 3097 159 3135 er
174 3095 297 3170 senatus
311 3087 397 3146 datus
411 3104 496 3160 esset,
517 3110 563 3150 res
582 3102 679 3168 gestas
698 3091 728 3150 in
748 3091 835 3152 ltalia
854 3111 873 3151 a
894 3093 984 3156 fratre
1005 3117 1055 3156 cx·

130 3169 236 3232 pontt:
267 3165 342 3224 Cum
366 3185 419 3224 sex
434 3168 661 3251 'imperatoribus
685 3189 763 3242 eum,
786 3191 908 3249 quorum
932 3185 1054 3252 quatuor

130 3239 282 3312 consules,
310 3245 367 3302 duo
395 3245 519 3305 dictator
545 3267 579 3307 ac
606 3247 743 3326 magister
769 3250 909 3328 equitum,
937 3253 1053 3323 luerint,

130 3327 205 3402 epta
223 3337 279 3379 sex
301 3323 498 3397 consularibus
519 3327 692 3387 exercitibus
716 3328 778 3387 acie
800 3329 983 3390 conflixisse:
1005 3350 1052 3390 oc-

129 3387 240 3471 ctdrsse
262 3419 349 3481 supra
371 3403 495 3476 ducenta
517 3404 606 3463 millia
628 3406 776 3466 hostium:
807 3426 894 3486 supra
915 3409 1052 3486 quinqua·

129 3475 215 3524 ginta
229 3479 322 3540 millia
335 3483 454 3561 cepisse.
495 3483 541 3544 Ex
555 3494 677 3562 quatuor
698 3486 864 3546 consrdibus
884 3481 957 3546 duos
976 3485 1053 3546 occi·
