<?xml version="1.0" encoding="UTF-8"?>
<!DOCTYPE html PUBLIC "-//W3C//DTD XHTML 1.0 Transitional//EN"
    "http://www.w3.org/TR/xhtml1/DTD/xhtml1-transitional.dtd">
<html xmlns="http://www.w3.org/1999/xhtml" xml:lang="en" lang="en">
 <head>
  <title>
</title>
<meta http-equiv="Content-Type" content="text/html;charset=utf-8" />
  <meta name='ocr-system' content='tesseract 3.04.00' />
  <meta name='ocr-capabilities' content='ocr_page ocr_carea ocr_par ocr_line ocrx_word'/>
</head>
<body>
  <div class='ocr_page' id='page_1' title='image "./titiliviihistor03livigoog_0252.png"; bbox 0 0 2386 3930; ppageno 0'>
   <div class='ocr_carea' id='block_1_1' title="bbox 396 209 1026 311">
    <p class='ocr_par' dir='ltr' id='par_1_1' title="bbox 396 209 1026 311">
     <span class='ocr_line' id='line_1_1' title="bbox 396 209 1026 311; baseline 0.011 -7"><span class='ocrx_word' id='word_1_1' title='bbox 396 257 398 262; x_wconf 53' lang='grc'>’</span> <span class='ocrx_word' id='word_1_2' title='bbox 429 243 719 307; x_wconf 75' lang='lat' dir='ltr'><strong>ursusxxv.</strong></span> <span class='ocrx_word' id='word_1_3' title='bbox 847 209 856 228; x_wconf 51' lang='lat'>⁸</span> <span class='ocrx_word' id='word_1_4' title='bbox 971 254 1026 311; x_wconf 73' lang='lat' dir='ltr'><strong>aar</strong></span> 
     </span>
    </p>
   </div>
   <div class='ocr_carea' id='block_1_2' title="bbox 119 397 1030 784">
    <p class='ocr_par' dir='ltr' id='par_1_2' title="bbox 119 397 1030 784">
     <span class='ocr_line' id='line_1_2' title="bbox 121 397 1030 481; baseline 0.004 -21"><span class='ocrx_word' id='word_1_5' title='bbox 121 419 179 481; x_wconf 90' lang='lat' dir='ltr'><strong>quo</strong></span> <span class='ocrx_word' id='word_1_6' title='bbox 213 397 237 462; x_wconf 81' lang='lat' dir='ltr'><strong>&#39;e</strong></span> <span class='ocrx_word' id='word_1_7' title='bbox 252 399 410 471; x_wconf 19' lang='lat' dir='ltr'><strong>*exercitus</strong></span> <span class='ocrx_word' id='word_1_8' title='bbox 434 401 492 480; x_wconf 90' lang='lat' dir='ltr'><strong>qui,</strong></span> <span class='ocrx_word' id='word_1_9' title='bbox 514 399 579 460; x_wconf 85' lang='lat' dir='ltr'><strong>riro</strong></span> <span class='ocrx_word' id='word_1_10' title='bbox 599 399 744 473; x_wconf 77' lang='lat' dir='ltr'><strong>Graccho,</strong></span> <span class='ocrx_word' id='word_1_11' title='bbox 765 403 878 464; x_wconf 77' lang='lat' dir='ltr'><strong>summa</strong></span> <span class='ocrx_word' id='word_1_12' title='bbox 899 401 956 463; x_wconf 87' lang='lat' dir='ltr'><strong>fide</strong></span> <span class='ocrx_word' id='word_1_13' title='bbox 979 406 1030 464; x_wconf 87' lang='lat' dir='ltr'><strong>sti-</strong></span> 
     </span>
     <span class='ocr_line' id='line_1_3' title="bbox 120 475 1029 559; baseline 0.002 -21"><span class='ocrx_word' id='word_1_14' title='bbox 120 499 176 558; x_wconf 91' lang='lat' dir='ltr'><strong>pen</strong></span> <span class='ocrx_word' id='word_1_15' title='bbox 199 481 226 538; x_wconf 87' lang='lat' dir='ltr'><strong>ie</strong></span> <span class='ocrx_word' id='word_1_16' title='bbox 238 479 353 548; x_wconf 82' lang='lat' dir='ltr'>fecerat,</span> <span class='ocrx_word' id='word_1_17' title='bbox 367 475 445 536; x_wconf 86' lang='lat' dir='ltr'><strong>velut</strong></span> <span class='ocrx_word' id='word_1_18' title='bbox 464 477 664 540; x_wconf 76' lang='lat' dir='ltr'><strong>exauctoratus</strong></span> <span class='ocrx_word' id='word_1_19' title='bbox 678 491 770 540; x_wconf 91' lang='lat' dir='ltr'><strong>morte</strong></span> <span class='ocrx_word' id='word_1_20' title='bbox 783 480 874 552; x_wconf 89' lang='lat' dir='ltr'><strong>ducis,</strong></span> <span class='ocrx_word' id='word_1_21' title='bbox 888 481 924 540; x_wconf 93' lang='lat' dir='ltr'><strong>ab</strong></span> <span class='ocrx_word' id='word_1_22' title='bbox 941 482 1029 559; x_wconf 83' lang='lat' dir='ltr'><strong>signis</strong></span> 
     </span>
     <span class='ocr_line' id='line_1_4' title="bbox 119 556 1029 649; baseline 0.003 -34"><span class='ocrx_word' id='word_1_23' title='bbox 119 557 258 617; x_wconf 76' lang='lat' dir='ltr'><strong>discessit.</strong></span> <span class='ocrx_word' id='word_1_24' title='bbox 298 556 446 615; x_wconf 79' lang='lat' dir='ltr'>Hannibal</span> <span class='ocrx_word' id='word_1_25' title='bbox 466 575 524 614; x_wconf 90' lang='lat' dir='ltr'><strong>non</strong></span> <span class='ocrx_word' id='word_1_26' title='bbox 544 557 674 634; x_wconf 87' lang='lat' dir='ltr'><strong>Capuam</strong></span> <span class='ocrx_word' id='word_1_27' title='bbox 693 557 864 649; x_wconf 72' lang='lat' dir='ltr'><strong>neglectam,</strong></span> <span class='ocrx_word' id='word_1_28' title='bbox 878 577 981 637; x_wconf 91' lang='lat' dir='ltr'><strong>neque,</strong></span> <span class='ocrx_word' id='word_1_29' title='bbox 997 571 1029 618; x_wconf 89' lang='lat' dir='ltr'><strong>ut</strong></span> 
     </span>
     <span class='ocr_line' id='line_1_5' title="bbox 120 633 1028 716; baseline 0.003 -23"><span class='ocrx_word' id='word_1_30' title='bbox 120 645 202 694; x_wconf 86' lang='lat' dir='ltr'><strong>tantu</strong></span> <span class='ocrx_word' id='word_1_31' title='bbox 215 633 387 703; x_wconf 81' lang='lat' dir='ltr'><strong>discrimine,</strong></span> <span class='ocrx_word' id='word_1_32' title='bbox 400 633 529 693; x_wconf 86' lang='lat' dir='ltr'><strong>desertos</strong></span> <span class='ocrx_word' id='word_1_33' title='bbox 542 635 658 693; x_wconf 86' lang='lat' dir='ltr'><strong>volebat</strong></span> <span class='ocrx_word' id='word_1_34' title='bbox 681 653 791 696; x_wconf 84' lang='lat' dir='ltr'><strong>sacros:</strong></span> <span class='ocrx_word' id='word_1_35' title='bbox 812 637 872 709; x_wconf 86' lang='lat' dir='ltr'><strong>sed,</strong></span> <span class='ocrx_word' id='word_1_36' title='bbox 892 653 1028 716; x_wconf 89' lang='lat' dir='ltr'><strong>prospero</strong></span> 
     </span>
     <span class='ocr_line' id='line_1_6' title="bbox 119 709 1028 784; baseline 0.001 -14"><span class='ocrx_word' id='word_1_37' title='bbox 119 717 156 770; x_wconf 75' lang='lat' dir='ltr'><strong>eri</strong></span> <span class='ocrx_word' id='word_1_38' title='bbox 175 712 338 774; x_wconf 68' lang='lat' dir='ltr'><strong>temeritate</strong></span> <span class='ocrx_word' id='word_1_39' title='bbox 358 712 443 770; x_wconf 86' lang='lat' dir='ltr'><strong>unius</strong></span> <span class='ocrx_word' id='word_1_40' title='bbox 464 709 591 770; x_wconf 83' lang='lat' dir='ltr'><strong>Romani</strong></span> <span class='ocrx_word' id='word_1_41' title='bbox 602 711 683 770; x_wconf 84' lang='lat' dir='ltr'><strong>ducis</strong></span> <span class='ocrx_word' id='word_1_42' title='bbox 706 730 848 784; x_wconf 81' lang='lat' dir='ltr'><strong>srrccessu,</strong></span> <span class='ocrx_word' id='word_1_43' title='bbox 863 715 892 772; x_wconf 92' lang='lat' dir='ltr'><strong>in</strong></span> <span class='ocrx_word' id='word_1_44' title='bbox 912 714 1028 773; x_wconf 85' lang='lat' dir='ltr'><strong>alterius</strong></span> 
     </span>
    </p>
   </div>
   <div class='ocr_carea' id='block_1_3' title="bbox 31 788 1028 867">
    <p class='ocr_par' dir='ltr' id='par_1_3' title="bbox 31 788 1028 867">
     <span class='ocr_line' id='line_1_7' title="bbox 31 788 1028 867; baseline 0.003 -19"><span class='ocrx_word' id='word_1_45' title='bbox 31 814 34 817; x_wconf 94' lang='lat'><em>·</em></span> <span class='ocrx_word' id='word_1_46' title='bbox 118 790 201 848; x_wconf 86' lang='lat' dir='ltr'><strong>ducis</strong></span> <span class='ocrx_word' id='word_1_47' title='bbox 226 789 426 866; x_wconf 77' lang='lat' dir='ltr'><strong>exercitusque</strong></span> <span class='ocrx_word' id='word_1_48' title='bbox 449 788 630 867; x_wconf 82' lang='lat' dir='ltr'><strong>opprimendi</strong></span> <span class='ocrx_word' id='word_1_49' title='bbox 650 791 830 849; x_wconf 75' lang='lat' dir='ltr'><strong>occasionem</strong></span> <span class='ocrx_word' id='word_1_50' title='bbox 850 793 1028 851; x_wconf 78' lang='lat' dir='ltr'><strong>imminebat.</strong></span> 
     </span>
    </p>
   </div>
   <div class='ocr_carea' id='block_1_4' title="bbox 40 864 1092 1488">
    <p class='ocr_par' dir='ltr' id='par_1_4' title="bbox 40 864 1092 1488">
     <span class='ocr_line' id='line_1_8' title="bbox 40 864 1092 946; baseline 0.001 -20"><span class='ocrx_word' id='word_1_51' title='bbox 40 933 45 938; x_wconf 54' lang='grc'>,</span> <span class='ocrx_word' id='word_1_52' title='bbox 119 865 174 926; x_wconf 88' lang='lat' dir='ltr'><strong>Cn.</strong></span> <span class='ocrx_word' id='word_1_53' title='bbox 188 865 320 925; x_wconf 73' lang='lat' dir='ltr'><strong>Fulvium</strong></span> <span class='ocrx_word' id='word_1_54' title='bbox 333 876 502 943; x_wconf 83' lang='lat' dir='ltr'><strong>praetorem,</strong></span> <span class='ocrx_word' id='word_1_55' title='bbox 518 864 608 943; x_wconf 77' lang='lat' dir='ltr'><strong>A&#39;pulr</strong></span> <span class='ocrx_word' id='word_1_56' title='bbox 621 865 711 943; x_wconf 87' lang='lat' dir='ltr'><strong>legati</strong></span> <span class='ocrx_word' id='word_1_57' title='bbox 727 867 912 938; x_wconf 78' lang='lat' dir='ltr'><strong>nunciabant,</strong></span> <span class='ocrx_word' id='word_1_58' title='bbox 926 871 1026 946; x_wconf 90' lang='lat' dir='ltr'><strong>primo,</strong></span> <span class='ocrx_word' id='word_1_59' title='bbox 1089 893 1092 900; x_wconf 89' lang='lat'>·</span> 
     </span>
     <span class='ocr_line' id='line_1_9' title="bbox 118 943 1028 1022; baseline 0.002 -20"><span class='ocrx_word' id='word_1_60' title='bbox 118 943 188 1002; x_wconf 88' lang='lat' dir='ltr'><strong>dnm</strong></span> <span class='ocrx_word' id='word_1_61' title='bbox 212 945 298 1002; x_wconf 87' lang='lat' dir='ltr'><strong>urbes</strong></span> <span class='ocrx_word' id='word_1_62' title='bbox 321 945 459 1021; x_wconf 85' lang='lat' dir='ltr'><strong>quasdam</strong></span> <span class='ocrx_word' id='word_1_63' title='bbox 482 945 654 1022; x_wconf 87' lang='lat' dir='ltr'><strong>Apulorum,</strong></span> <span class='ocrx_word' id='word_1_64' title='bbox 675 963 749 1021; x_wconf 87' lang='lat' dir='ltr'><strong>quae</strong></span> <span class='ocrx_word' id='word_1_65' title='bbox 772 945 810 1002; x_wconf 87' lang='lat' dir='ltr'><strong>ad</strong></span> <span class='ocrx_word' id='word_1_66' title='bbox 833 945 1028 1004; x_wconf 85' lang='lat' dir='ltr'><strong>Hannibalem</strong></span> 
     </span>
     <span class='ocr_line' id='line_1_10' title="bbox 117 1021 1029 1100; baseline 0.001 -20"><span class='ocrx_word' id='word_1_67' title='bbox 117 1021 313 1092; x_wconf 77' lang='lat' dir='ltr'><strong>descivissent,</strong></span> <span class='ocrx_word' id='word_1_68' title='bbox 336 1034 522 1100; x_wconf 73' lang='lat' dir='ltr'><strong>oppugnaret,</strong></span> <span class='ocrx_word' id='word_1_69' title='bbox 546 1021 763 1080; x_wconf 83' lang='lat' dir='ltr'><strong>intentius-rem</strong></span> <span class='ocrx_word' id='word_1_70' title='bbox 787 1022 897 1100; x_wconf 79' lang='lat' dir='ltr'><strong>egisse:</strong></span> <span class='ocrx_word' id='word_1_71' title='bbox 928 1033 1029 1099; x_wconf 89' lang='lat' dir='ltr'><strong>postea</strong></span> 
     </span>
     <span class='ocr_line' id='line_1_11' title="bbox 116 1097 1028 1232; baseline -0.003 -74"><span class='ocrx_word' id='word_1_72' title='bbox 116 1099 206 1158; x_wconf 86' lang='lat' dir='ltr'><strong>nimio</strong></span> <span class='ocrx_word' id='word_1_73' title='bbox 229 1117 365 1158; x_wconf 86' lang='lat' dir='ltr'><strong>successu</strong></span> <span class='ocrx_word' id='word_1_74' title='bbox 379 1111 409 1158; x_wconf 88' lang='lat' dir='ltr'><strong>et</strong></span> <span class='ocrx_word' id='word_1_75' title='bbox 429 1099 522 1177; x_wconf 89' lang='lat' dir='ltr'><strong>ipsum</strong></span> <span class='ocrx_word' id='word_1_76' title='bbox 536 1109 567 1158; x_wconf 86' lang='lat' dir='ltr'><strong>et</strong></span> <span class='ocrx_word' id='word_1_77' title='bbox 585 1099 697 1169; x_wconf 80' lang='lat' dir='ltr'><strong>milites,</strong></span> <span class='ocrx_word' id='word_1_78' title='bbox 712 1097 819 1178; x_wconf 78' lang='lat' dir='ltr'><strong>praedia</strong></span> <span class='ocrx_word' id='word_1_79' title='bbox 842 1097 984 1232; x_wconf 88' lang='lat' dir='ltr'><strong>impletos,</strong></span> <span class='ocrx_word' id='word_1_80' title='bbox 999 1099 1028 1155; x_wconf 92' lang='lat' dir='ltr'><strong>in</strong></span> 
     </span>
     <span class='ocr_line' id='line_1_12' title="bbox 116 1174 1029 1254; baseline -0.002 -20"><span class='ocrx_word' id='word_1_81' title='bbox 116 1183 227 1235; x_wconf 78' lang='lat' dir='ltr'><strong>tantam</strong></span> <span class='ocrx_word' id='word_1_82' title='bbox 248 1176 393 1236; x_wconf 88' lang='lat' dir='ltr'><strong>licentiam</strong></span> <span class='ocrx_word' id='word_1_83' title='bbox 415 1174 633 1254; x_wconf 75' lang='lat' dir='ltr'><strong>socordiamque</strong></span> <span class='ocrx_word' id='word_1_84' title='bbox 652 1175 766 1246; x_wconf 85' lang='lat' dir='ltr'><strong>effusos,</strong></span> <span class='ocrx_word' id='word_1_85' title='bbox 787 1188 824 1235; x_wconf 90' lang='lat' dir='ltr'><strong>ut</strong></span> <span class='ocrx_word' id='word_1_86' title='bbox 843 1177 921 1235; x_wconf 88' lang='lat' dir='ltr'><strong>nula</strong></span> <span class='ocrx_word' id='word_1_87' title='bbox 945 1176 1029 1234; x_wconf 87' lang='lat' dir='ltr'><strong>disci-</strong></span> 
     </span>
     <span class='ocr_line' id='line_1_13' title="bbox 116 1252 1029 1333; baseline 0.001 -22"><span class='ocrx_word' id='word_1_88' title='bbox 116 1252 195 1332; x_wconf 88' lang='lat' dir='ltr'><strong>plina</strong></span> <span class='ocrx_word' id='word_1_89' title='bbox 216 1253 333 1313; x_wconf 87' lang='lat' dir='ltr'><strong>militiae</strong></span> <span class='ocrx_word' id='word_1_90' title='bbox 347 1265 432 1314; x_wconf 85' lang='lat' dir='ltr'><strong>esset.</strong></span> <span class='ocrx_word' id='word_1_91' title='bbox 471 1255 569 1320; x_wconf 84' lang='lat' dir='ltr'><strong>Quum</strong></span> <span class='ocrx_word' id='word_1_92' title='bbox 583 1273 669 1333; x_wconf 90' lang='lat' dir='ltr'><strong>saepe</strong></span> <span class='ocrx_word' id='word_1_93' title='bbox 683 1253 761 1324; x_wconf 77' lang='lat' dir='ltr'><strong>alisia,</strong></span> <span class='ocrx_word' id='word_1_94' title='bbox 776 1267 837 1314; x_wconf 90' lang='lat' dir='ltr'><strong>turn</strong></span> <span class='ocrx_word' id='word_1_95' title='bbox 857 1253 956 1333; x_wconf 86' lang='lat' dir='ltr'><strong>paucis</strong></span> <span class='ocrx_word' id='word_1_96' title='bbox 970 1253 1029 1312; x_wconf 89' lang='lat' dir='ltr'><strong>die·</strong></span> 
     </span>
     <span class='ocr_line' id='line_1_14' title="bbox 115 1331 1028 1410; baseline 0 -20"><span class='ocrx_word' id='word_1_97' title='bbox 115 1333 174 1390; x_wconf 88' lang='lat' dir='ltr'><strong>bus</strong></span> <span class='ocrx_word' id='word_1_98' title='bbox 194 1343 271 1402; x_wconf 84' lang='lat' dir='ltr'><strong>ante,</strong></span> <span class='ocrx_word' id='word_1_99' title='bbox 285 1343 429 1410; x_wconf 78' lang='lat' dir='ltr'><strong>expertus,</strong></span> <span class='ocrx_word' id='word_1_100' title='bbox 443 1332 533 1410; x_wconf 86' lang='lat' dir='ltr'><strong>qualis</strong></span> <span class='ocrx_word' id='word_1_101' title='bbox 547 1331 602 1391; x_wconf 87' lang='lat' dir='ltr'><strong>sub</strong></span> <span class='ocrx_word' id='word_1_102' title='bbox 624 1333 713 1392; x_wconf 91' lang='lat' dir='ltr'><strong>inscio</strong></span> <span class='ocrx_word' id='word_1_103' title='bbox 727 1333 801 1392; x_wconf 89' lang='lat' dir='ltr'><strong>duce</strong></span> <span class='ocrx_word' id='word_1_104' title='bbox 822 1331 965 1390; x_wconf 77' lang='lat' dir='ltr'><strong>exercitus</strong></span> <span class='ocrx_word' id='word_1_105' title='bbox 985 1347 1028 1408; x_wconf 73' lang='lat' dir='ltr'><strong>ea7</strong></span> 
     </span>
     <span class='ocr_line' id='line_1_15' title="bbox 116 1409 583 1488; baseline -0.002 -20"><span class='ocrx_word' id='word_1_106' title='bbox 116 1417 172 1476; x_wconf 86' lang='lat' dir='ltr'><strong>set,</strong></span> <span class='ocrx_word' id='word_1_107' title='bbox 185 1409 214 1466; x_wconf 90' lang='lat' dir='ltr'><strong>in</strong></span> <span class='ocrx_word' id='word_1_108' title='bbox 229 1409 370 1488; x_wconf 61' lang='lat' dir='ltr'><strong>Apuliam*</strong></span> <span class='ocrx_word' id='word_1_109' title='bbox 379 1423 472 1469; x_wconf 86' lang='lat' dir='ltr'><strong>castra</strong></span> <span class='ocrx_word' id='word_1_110' title='bbox 485 1409 583 1468; x_wconf 82' lang='lat' dir='ltr'><strong>movit.</strong></span> 
     </span>
    </p>
   </div>
   <div class='ocr_carea' id='block_1_5' title="bbox 116 1461 1165 1638">
    <p class='ocr_par' dir='ltr' id='par_1_5' title="bbox 116 1461 1165 1638">
     <span class='ocr_line' id='line_1_16' title="bbox 155 1461 1165 1562; baseline -0.004 -16"><span class='ocrx_word' id='word_1_111' title='bbox 155 1482 238 1545; x_wconf 75' lang='lat' dir='ltr'><strong>XXI.</strong></span> <span class='ocrx_word' id='word_1_112' title='bbox 278 1487 383 1548; x_wconf 68' lang='lat' dir='ltr'><strong>cnon</strong></span> <span class='ocrx_word' id='word_1_113' title='bbox 394 1487 583 1544; x_wconf 86' lang='lat' dir='ltr'><strong>Herdoneam</strong></span> <span class='ocrx_word' id='word_1_114' title='bbox 598 1483 747 1542; x_wconf 84' lang='lat' dir='ltr'><strong>Romanae</strong></span> <span class='ocrx_word' id='word_1_115' title='bbox 760 1485 889 1560; x_wconf 77' lang='lat' dir='ltr'><strong>legiones</strong></span> <span class='ocrx_word' id='word_1_116' title='bbox 903 1498 933 1543; x_wconf 87' lang='lat' dir='ltr'><strong>et</strong></span> <span class='ocrx_word' id='word_1_117' title='bbox 946 1503 1027 1562; x_wconf 86' lang='lat' dir='ltr'><strong>prae·</strong></span> <span class='ocrx_word' id='word_1_118' title='bbox 1128 1494 1132 1502; x_wconf 69' lang='lat'>‘</span> <span class='ocrx_word' id='word_1_119' title='bbox 1162 1461 1165 1468; x_wconf 39' lang='lat'><em>¹</em></span> 
     </span>
     <span class='ocr_line' id='line_1_17' title="bbox 116 1559 1126 1638; baseline -0.002 -16"><span class='ocrx_word' id='word_1_120' title='bbox 116 1575 162 1623; x_wconf 90' lang='lat' dir='ltr'><strong>tor</strong></span> <span class='ocrx_word' id='word_1_121' title='bbox 176 1562 292 1622; x_wconf 82' lang='lat' dir='ltr'><strong>Fulvius</strong></span> <span class='ocrx_word' id='word_1_122' title='bbox 305 1575 397 1620; x_wconf 87' lang='lat' dir='ltr'><strong>erant.</strong></span> <span class='ocrx_word' id='word_1_123' title='bbox 417 1579 475 1638; x_wconf 88' lang='lat' dir='ltr'><strong>quo</strong></span> <span class='ocrx_word' id='word_1_124' title='bbox 488 1559 539 1618; x_wconf 92' lang='lat' dir='ltr'><strong>ubi</strong></span> <span class='ocrx_word' id='word_1_125' title='bbox 553 1559 671 1617; x_wconf 84' lang='lat' dir='ltr'><strong>allatum</strong></span> <span class='ocrx_word' id='word_1_126' title='bbox 686 1572 730 1616; x_wconf 87' lang='lat' dir='ltr'><strong>ast</strong></span> <span class='ocrx_word' id='word_1_127' title='bbox 750 1560 850 1618; x_wconf 86' lang='lat' dir='ltr'><strong>hostes</strong></span> <span class='ocrx_word' id='word_1_128' title='bbox 862 1561 1025 1631; x_wconf 85' lang='lat' dir='ltr'><strong>adventare,</strong></span> <span class='ocrx_word' id='word_1_129' title='bbox 1123 1610 1126 1620; x_wconf 87' lang='lat'>.</span> 
     </span>
    </p>
   </div>
   <div class='ocr_carea' id='block_1_6' title="bbox 81 1635 1092 3633">
    <p class='ocr_par' dir='ltr' id='par_1_6' title="bbox 81 1635 1092 3633">
     <span class='ocr_line' id='line_1_18' title="bbox 114 1635 1092 1720; baseline -0.004 -21"><span class='ocrx_word' id='word_1_130' title='bbox 114 1649 205 1720; x_wconf 83' lang='lat' dir='ltr'><strong>prope</strong></span> <span class='ocrx_word' id='word_1_131' title='bbox 219 1651 263 1698; x_wconf 89' lang='lat' dir='ltr'><strong>est</strong></span> <span class='ocrx_word' id='word_1_132' title='bbox 275 1638 395 1708; x_wconf 79' lang='lat' dir='ltr'><strong>factum,</strong></span> <span class='ocrx_word' id='word_1_133' title='bbox 406 1647 439 1696; x_wconf 89' lang='lat' dir='ltr'><strong>nt</strong></span> <span class='ocrx_word' id='word_1_134' title='bbox 451 1637 560 1714; x_wconf 86' lang='lat' dir='ltr'><strong>injussu</strong></span> <span class='ocrx_word' id='word_1_135' title='bbox 574 1635 721 1714; x_wconf 77' lang='lat' dir='ltr'><strong>praetoris,</strong></span> <span class='ocrx_word' id='word_1_136' title='bbox 736 1636 823 1712; x_wconf 85' lang='lat' dir='ltr'><strong>signis</strong></span> <span class='ocrx_word' id='word_1_137' title='bbox 836 1637 987 1706; x_wconf 86' lang='lat' dir='ltr'><strong>convulsis,</strong></span> <span class='ocrx_word' id='word_1_138' title='bbox 998 1639 1028 1696; x_wconf 92' lang='lat' dir='ltr'><strong>in</strong></span> <span class='ocrx_word' id='word_1_139' title='bbox 1086 1691 1092 1700; x_wconf 90' lang='grc'>,</span> 
     </span>
     <span class='ocr_line' id='line_1_19' title="bbox 115 1711 1028 1791; baseline -0.005 -13"><span class='ocrx_word' id='word_1_140' title='bbox 115 1718 212 1778; x_wconf 78' lang='lat' dir='ltr'><strong>acient</strong></span> <span class='ocrx_word' id='word_1_141' title='bbox 235 1715 355 1775; x_wconf 84' lang='lat' dir='ltr'><strong>exirent.</strong></span> <span class='ocrx_word' id='word_1_142' title='bbox 376 1735 432 1774; x_wconf 88' lang='lat' dir='ltr'><strong>nec</strong></span> <span class='ocrx_word' id='word_1_143' title='bbox 454 1731 500 1773; x_wconf 90' lang='lat' dir='ltr'><strong>res</strong></span> <span class='ocrx_word' id='word_1_144' title='bbox 524 1711 587 1772; x_wconf 71' lang='lat' dir='ltr'><strong>ulla‘</strong></span> <span class='ocrx_word' id='word_1_145' title='bbox 608 1713 700 1789; x_wconf 84' lang='lat' dir='ltr'><strong>magis</strong></span> <span class='ocrx_word' id='word_1_146' title='bbox 722 1714 823 1782; x_wconf 89' lang='lat' dir='ltr'><strong>tenuit,</strong></span> <span class='ocrx_word' id='word_1_147' title='bbox 849 1717 1028 1791; x_wconf 73' lang='lat' dir='ltr'><strong>quam‘spes&#39;</strong></span> 
     </span>
     <span class='ocr_line' id='line_1_20' title="bbox 115 1789 1028 1865; baseline -0.004 -11"><span class='ocrx_word' id='word_1_148' title='bbox 115 1796 194 1854; x_wconf 88' lang='lat' dir='ltr'><strong>haud</strong></span> <span class='ocrx_word' id='word_1_149' title='bbox 208 1795 305 1865; x_wconf 83' lang='lat' dir='ltr'><strong>dubia,</strong></span> <span class='ocrx_word' id='word_1_150' title='bbox 320 1811 372 1854; x_wconf 88' lang='lat' dir='ltr'><strong>suo</strong></span> <span class='ocrx_word' id='word_1_151' title='bbox 386 1793 416 1852; x_wconf 94' lang='lat' dir='ltr'><strong>id</strong></span> <span class='ocrx_word' id='word_1_152' title='bbox 434 1791 560 1861; x_wconf 87' lang='lat' dir='ltr'><strong>arbitrio,</strong></span> <span class='ocrx_word' id='word_1_153' title='bbox 575 1791 625 1850; x_wconf 79' lang='lat' dir='ltr'><strong>ulti</strong></span> <span class='ocrx_word' id='word_1_154' title='bbox 638 1789 753 1861; x_wconf 85' lang='lat' dir='ltr'><strong>vellent,</strong></span> <span class='ocrx_word' id='word_1_155' title='bbox 768 1801 892 1850; x_wconf 87' lang='lat' dir='ltr'><strong>acturos.</strong></span> <span class='ocrx_word' id='word_1_156' title='bbox 932 1791 1028 1850; x_wconf 81' lang='lat' dir='ltr'><strong>Nocte</strong></span> 
     </span>
     <span class='ocr_line' id='line_1_21' title="bbox 81 1868 1029 1950; baseline -0.002 -20"><span class='ocrx_word' id='word_1_157' title='bbox 81 1869 84 1874; x_wconf 80' lang='lat'>&#39;</span> <span class='ocrx_word' id='word_1_158' title='bbox 115 1872 276 1950; x_wconf 84' lang='lat' dir='ltr'><strong>insequenti</strong></span> <span class='ocrx_word' id='word_1_159' title='bbox 300 1871 458 1942; x_wconf 73' lang='lat' dir='ltr'><strong>flanona,</strong></span> <span class='ocrx_word' id='word_1_160' title='bbox 481 1887 575 1948; x_wconf 88' lang='lat' dir='ltr'><strong>quum·</strong></span> <span class='ocrx_word' id='word_1_161' title='bbox 592 1868 799 1928; x_wconf 75' lang='lat' dir='ltr'><strong>tumultuatum</strong></span> <span class='ocrx_word' id='word_1_162' title='bbox 821 1869 852 1926; x_wconf 90' lang='lat' dir='ltr'><strong>in</strong></span> <span class='ocrx_word' id='word_1_163' title='bbox 874 1869 983 1938; x_wconf 87' lang='lat' dir='ltr'><strong>castris,</strong></span> <span class='ocrx_word' id='word_1_164' title='bbox 998 1881 1029 1928; x_wconf 84' lang='lat' dir='ltr'><strong>et</strong></span> 
     </span>
     <span class='ocr_line' id='line_1_22' title="bbox 115 1946 1031 2029; baseline -0.001 -22"><span class='ocrx_word' id='word_1_165' title='bbox 115 1948 431 2029; x_wconf 76' lang='lat' dir='ltr'><strong>plerosque&#39;fernciter,</strong></span> <span class='ocrx_word' id='word_1_166' title='bbox 452 1947 569 2024; x_wconf 82' lang='lat' dir='ltr'><strong>signum·</strong></span> <span class='ocrx_word' id='word_1_167' title='bbox 588 1960 622 2005; x_wconf 87' lang='lat' dir='ltr'><strong>nc</strong></span> <span class='ocrx_word' id='word_1_168' title='bbox 635 1946 725 2017; x_wconf 83' lang='lat' dir='ltr'><strong>daret,</strong></span> <span class='ocrx_word' id='word_1_169' title='bbox 739 1946 875 2006; x_wconf 78' lang='lat' dir='ltr'><strong>institisse</strong></span> <span class='ocrx_word' id='word_1_170' title='bbox 899 1946 975 2016; x_wconf 84' lang='lat' dir='ltr'><strong>duci,</strong></span> <span class='ocrx_word' id='word_1_171' title='bbox 990 1949 1031 2006; x_wconf 88' lang='lat' dir='ltr'><strong>ad·</strong></span> 
     </span>
     <span class='ocr_line' id='line_1_23' title="bbox 116 2023 1081 2105; baseline -0.004 -19"><span class='ocrx_word' id='word_1_172' title='bbox 116 2033 196 2086; x_wconf 81' lang='lat' dir='ltr'><strong>arma</strong></span> <span class='ocrx_word' id='word_1_173' title='bbox 217 2039 362 2095; x_wconf 81' lang='lat' dir='ltr'><strong>vocantes,</strong></span> <span class='ocrx_word' id='word_1_174' title='bbox 386 2025 480 2094; x_wconf 76' lang='lat' dir='ltr'><strong>acuet,</strong></span> <span class='ocrx_word' id='word_1_175' title='bbox 504 2025 584 2082; x_wconf 85' lang='lat' dir='ltr'><strong>hand</strong></span> <span class='ocrx_word' id='word_1_176' title='bbox 606 2023 711 2082; x_wconf 88' lang='lat' dir='ltr'><strong>dubius</strong></span> <span class='ocrx_word' id='word_1_177' title='bbox 732 2031 888 2105; x_wconf 80' lang='lat' dir='ltr'><strong>prosperae</strong></span> <span class='ocrx_word' id='word_1_178' title='bbox 912 2043 1028 2102; x_wconf 83' lang='lat' dir='ltr'><strong>pugnae</strong></span> <span class='ocrx_word' id='word_1_179' title='bbox 1077 2089 1081 2096; x_wconf 25' lang='lat'><strong><em>⁴</em></strong></span> 
     </span>
     <span class='ocr_line' id='line_1_24' title="bbox 115 2100 1027 2178; baseline -0.009 -12"><span class='ocrx_word' id='word_1_180' title='bbox 115 2105 297 2178; x_wconf 73' lang='lat' dir='ltr'><strong>occasionem</strong></span> <span class='ocrx_word' id='word_1_181' title='bbox 311 2103 381 2174; x_wconf 84' lang='lat' dir='ltr'><strong>dari,</strong></span> <span class='ocrx_word' id='word_1_182' title='bbox 396 2103 450 2162; x_wconf 88' lang='lat' dir='ltr'><strong>tria</strong></span> <span class='ocrx_word' id='word_1_183' title='bbox 471 2100 559 2160; x_wconf 90' lang='lat' dir='ltr'><strong>millia</strong></span> <span class='ocrx_word' id='word_1_184' title='bbox 578 2102 776 2178; x_wconf 84' lang='lat' dir='ltr'><strong>expeditorum</strong></span> <span class='ocrx_word' id='word_1_185' title='bbox 798 2103 919 2161; x_wconf 90' lang='lat' dir='ltr'><strong>militum</strong></span> <span class='ocrx_word' id='word_1_186' title='bbox 934 2103 962 2160; x_wconf 92' lang='lat' dir='ltr'><strong>in</strong></span> <span class='ocrx_word' id='word_1_187' title='bbox 977 2103 1027 2159; x_wconf 87' lang='lat' dir='ltr'><strong>vil·</strong></span> 
     </span>
     <span class='ocr_line' id='line_1_25' title="bbox 86 2177 1027 2260; baseline -0.006 -16"><span class='ocrx_word' id='word_1_188' title='bbox 86 2231 88 2244; x_wconf 92' lang='grc'>.</span> <span class='ocrx_word' id='word_1_189' title='bbox 113 2184 149 2242; x_wconf 91' lang='lat' dir='ltr'><strong>lis</strong></span> <span class='ocrx_word' id='word_1_190' title='bbox 171 2184 257 2250; x_wconf 84' lang='lat' dir='ltr'><strong>circa,</strong></span> <span class='ocrx_word' id='word_1_191' title='bbox 272 2182 471 2260; x_wconf 88' lang='lat' dir='ltr'><strong>vepribusque,</strong></span> <span class='ocrx_word' id='word_1_192' title='bbox 486 2192 515 2238; x_wconf 90' lang='lat' dir='ltr'><strong>et</strong></span> <span class='ocrx_word' id='word_1_193' title='bbox 536 2177 621 2245; x_wconf 69' lang='lat' dir='ltr'><strong>siliis,</strong></span> <span class='ocrx_word' id='word_1_194' title='bbox 635 2178 777 2255; x_wconf 86' lang='lat' dir='ltr'><strong>disponit;</strong></span> <span class='ocrx_word' id='word_1_195' title='bbox 797 2179 853 2256; x_wconf 91' lang='lat' dir='ltr'><strong>qui,</strong></span> <span class='ocrx_word' id='word_1_196' title='bbox 875 2180 962 2256; x_wconf 83' lang='lat' dir='ltr'><strong>signo</strong></span> <span class='ocrx_word' id='word_1_197' title='bbox 976 2179 1027 2238; x_wconf 88' lang='lat' dir='ltr'><strong>da·</strong></span> 
     </span>
     <span class='ocr_line' id='line_1_26' title="bbox 114 2255 1034 2332; baseline -0.004 -12"><span class='ocrx_word' id='word_1_198' title='bbox 114 2272 155 2331; x_wconf 90' lang='lat' dir='ltr'><strong>to,</strong></span> <span class='ocrx_word' id='word_1_199' title='bbox 170 2259 398 2318; x_wconf 86' lang='lat' dir='ltr'><strong>simulomuese</strong></span> <span class='ocrx_word' id='word_1_200' title='bbox 421 2257 541 2317; x_wconf 88' lang='lat' dir='ltr'><strong>latebris</strong></span> <span class='ocrx_word' id='word_1_201' title='bbox 559 2257 730 2316; x_wconf 81' lang='lat' dir='ltr'><strong>existerent:</strong></span> <span class='ocrx_word' id='word_1_202' title='bbox 761 2267 793 2314; x_wconf 90' lang='lat' dir='ltr'><strong>et</strong></span> <span class='ocrx_word' id='word_1_203' title='bbox 811 2255 971 2332; x_wconf 85' lang='lat' dir='ltr'><strong>Magonem</strong></span> <span class='ocrx_word' id='word_1_204' title='bbox 991 2265 1034 2316; x_wconf 87' lang='lat' dir='ltr'><strong>ac&#39;</strong></span> 
     </span>
     <span class='ocr_line' id='line_1_27' title="bbox 114 2331 1025 2415; baseline -0.007 -17"><span class='ocrx_word' id='word_1_205' title='bbox 114 2339 173 2398; x_wconf 92' lang='lat' dir='ltr'><strong>duo</strong></span> <span class='ocrx_word' id='word_1_206' title='bbox 186 2339 275 2396; x_wconf 75' lang='lat' dir='ltr'><strong>terme</strong></span> <span class='ocrx_word' id='word_1_207' title='bbox 296 2337 385 2395; x_wconf 87' lang='lat' dir='ltr'><strong>millia</strong></span> <span class='ocrx_word' id='word_1_208' title='bbox 407 2336 618 2415; x_wconf 69' lang='lat' dir='ltr'><strong>equitumque</strong></span> <span class='ocrx_word' id='word_1_209' title='bbox 639 2335 736 2410; x_wconf 85' lang='lat' dir='ltr'><strong>fugam</strong></span> <span class='ocrx_word' id='word_1_210' title='bbox 752 2331 950 2393; x_wconf 85' lang='lat' dir='ltr'><strong>inclinaturam</strong></span> <span class='ocrx_word' id='word_1_211' title='bbox 964 2347 1025 2393; x_wconf 88' lang='lat' dir='ltr'><strong>cre-</strong></span> 
     </span>
     <span class='ocr_line' id='line_1_28' title="bbox 114 2411 1024 2490; baseline -0.009 -14"><span class='ocrx_word' id='word_1_212' title='bbox 114 2417 213 2482; x_wconf 85' lang='lat' dir='ltr'><strong>debat,</strong></span> <span class='ocrx_word' id='word_1_213' title='bbox 232 2415 452 2472; x_wconf 85' lang='lat' dir='ltr'><strong>omnia&#39;itinera</strong></span> <span class='ocrx_word' id='word_1_214' title='bbox 464 2413 588 2470; x_wconf 89' lang='lat' dir='ltr'><strong>insidere</strong></span> <span class='ocrx_word' id='word_1_215' title='bbox 608 2411 702 2489; x_wconf 88' lang='lat' dir='ltr'><strong>jubet.</strong></span> <span class='ocrx_word' id='word_1_216' title='bbox 716 2411 760 2470; x_wconf 89' lang='lat' dir='ltr'><strong>his</strong></span> <span class='ocrx_word' id='word_1_217' title='bbox 774 2423 860 2470; x_wconf 86' lang='lat' dir='ltr'><strong>nocte</strong></span> <span class='ocrx_word' id='word_1_218' title='bbox 873 2427 1024 2490; x_wconf 84' lang='lat' dir='ltr'><strong>praepara·</strong></span> 
     </span>
     <span class='ocr_line' id='line_1_29' title="bbox 114 2487 1025 2570; baseline -0.009 -16"><span class='ocrx_word' id='word_1_219' title='bbox 114 2495 160 2564; x_wconf 87' lang='lat' dir='ltr'><strong>tis,</strong></span> <span class='ocrx_word' id='word_1_220' title='bbox 174 2492 270 2570; x_wconf 72' lang='lat' dir='ltr'><strong>prima</strong></span> <span class='ocrx_word' id='word_1_221' title='bbox 280 2491 345 2550; x_wconf 91' lang='lat' dir='ltr'><strong>luce</strong></span> <span class='ocrx_word' id='word_1_222' title='bbox 365 2491 395 2548; x_wconf 89' lang='lat' dir='ltr'><strong>in</strong></span> <span class='ocrx_word' id='word_1_223' title='bbox 409 2491 498 2549; x_wconf 86' lang='lat' dir='ltr'><strong>aciem</strong></span> <span class='ocrx_word' id='word_1_224' title='bbox 514 2489 612 2566; x_wconf 89' lang='lat' dir='ltr'><strong>copias</strong></span> <span class='ocrx_word' id='word_1_225' title='bbox 625 2489 732 2546; x_wconf 85' lang='lat' dir='ltr'><strong>educit.</strong></span> <span class='ocrx_word' id='word_1_226' title='bbox 772 2487 837 2547; x_wconf 89' lang='lat' dir='ltr'><strong>Nec</strong></span> <span class='ocrx_word' id='word_1_227' title='bbox 851 2489 966 2546; x_wconf 86' lang='lat' dir='ltr'><strong>Fulvius</strong></span> <span class='ocrx_word' id='word_1_228' title='bbox 980 2497 1025 2546; x_wconf 88' lang='lat' dir='ltr'><strong>est</strong></span> 
     </span>
     <span class='ocr_line' id='line_1_30' title="bbox 113 2565 1025 2644; baseline -0.008 -13"><span class='ocrx_word' id='word_1_229' title='bbox 113 2581 276 2640; x_wconf 85' lang='lat' dir='ltr'><strong>cunctatus,</strong></span> <span class='ocrx_word' id='word_1_230' title='bbox 289 2585 348 2628; x_wconf 90' lang='lat' dir='ltr'><strong>non</strong></span> <span class='ocrx_word' id='word_1_231' title='bbox 369 2578 428 2625; x_wconf 87' lang='lat' dir='ltr'><strong>tarn</strong></span> <span class='ocrx_word' id='word_1_232' title='bbox 453 2567 506 2626; x_wconf 77' lang='lat' dir='ltr'><strong>sua</strong></span> <span class='ocrx_word' id='word_1_233' title='bbox 520 2567 579 2626; x_wconf 77' lang='lat' dir='ltr'><strong>ulid</strong></span> <span class='ocrx_word' id='word_1_234' title='bbox 598 2573 658 2644; x_wconf 76' lang='lat' dir='ltr'><strong>spe,</strong></span> <span class='ocrx_word' id='word_1_235' title='bbox 673 2581 758 2643; x_wconf 88' lang='lat' dir='ltr'><strong>quam</strong></span> <span class='ocrx_word' id='word_1_236' title='bbox 779 2565 1025 2641; x_wconf 61' lang='lat' dir='ltr'><strong>militum‘impetu</strong></span> 
     </span>
     <span class='ocr_line' id='line_1_31' title="bbox 112 2643 1073 2722; baseline -0.005 -15"><span class='ocrx_word' id='word_1_237' title='bbox 112 2649 240 2716; x_wconf 80' lang='lat' dir='ltr'><strong>fortuita,</strong></span> <span class='ocrx_word' id='word_1_238' title='bbox 251 2656 370 2704; x_wconf 84' lang='lat' dir='ltr'><strong>tractus.</strong></span> <span class='ocrx_word' id='word_1_239' title='bbox 384 2647 481 2722; x_wconf 88' lang='lat' dir='ltr'><strong>itaque</strong></span> <span class='ocrx_word' id='word_1_240' title='bbox 492 2644 596 2702; x_wconf 77' lang='lat' dir='ltr'><strong>eadem</strong></span> <span class='ocrx_word' id='word_1_241' title='bbox 607 2643 777 2711; x_wconf 87' lang='lat' dir='ltr'><strong>temeritate,</strong></span> <span class='ocrx_word' id='word_1_242' title='bbox 809 2645 846 2701; x_wconf 77' lang='lat' dir='ltr'><strong>ui</strong></span> <span class='ocrx_word' id='word_1_243' title='bbox 859 2658 1034 2722; x_wconf 80' lang='lat' dir='ltr'><strong>processum</strong></span> <span class='ocrx_word' id='word_1_244' title='bbox 1072 2705 1073 2708; x_wconf 60' lang='grc'>,</span> 
     </span>
     <span class='ocr_line' id='line_1_32' title="bbox 112 2661 1022 2798; baseline -0.008 -12"><span class='ocrx_word' id='word_1_245' title='bbox 112 2728 143 2786; x_wconf 91' lang='lat' dir='ltr'><strong>in</strong></span> <span class='ocrx_word' id='word_1_246' title='bbox 163 2725 254 2784; x_wconf 83' lang='lat' dir='ltr'><strong>aciem</strong></span> <span class='ocrx_word' id='word_1_247' title='bbox 269 2733 331 2794; x_wconf 81' lang='lat' dir='ltr'><strong>est,</strong></span> <span class='ocrx_word' id='word_1_248' title='bbox 344 2723 492 2781; x_wconf 78' lang='lat' dir='ltr'><strong>instruitur</strong></span> <span class='ocrx_word' id='word_1_249' title='bbox 504 2722 567 2798; x_wconf 85' lang='lat' dir='ltr'><strong>ipsa</strong></span> <span class='ocrx_word' id='word_1_250' title='bbox 580 2720 665 2788; x_wconf 87' lang='lat' dir='ltr'><strong>acies,</strong></span> <span class='ocrx_word' id='word_1_251' title='bbox 680 2721 717 2778; x_wconf 91' lang='lat' dir='ltr'><strong>ad</strong></span> <span class='ocrx_word' id='word_1_252' title='bbox 730 2661 878 2778; x_wconf 64' lang='lat' dir='ltr'><strong>libidinem</strong></span> <span class='ocrx_word' id='word_1_253' title='bbox 891 2719 1022 2793; x_wconf 86' lang='lat' dir='ltr'><strong>militum,</strong></span> 
     </span>
     <span class='ocr_line' id='line_1_33' title="bbox 111 2797 1023 2881; baseline -0.003 -18"><span class='ocrx_word' id='word_1_254' title='bbox 111 2805 186 2863; x_wconf 81' lang='lat' dir='ltr'><strong>ilrrte</strong></span> <span class='ocrx_word' id='word_1_255' title='bbox 198 2799 423 2881; x_wconf 79' lang='lat' dir='ltr'><strong>procurrentium</strong></span> <span class='ocrx_word' id='word_1_256' title='bbox 438 2797 721 2874; x_wconf 83' lang='lat' dir='ltr'><strong>consistentiumque,</strong></span> <span class='ocrx_word' id='word_1_257' title='bbox 743 2815 799 2876; x_wconf 92' lang='lat' dir='ltr'><strong>qno</strong></span> <span class='ocrx_word' id='word_1_258' title='bbox 819 2799 884 2856; x_wconf 90' lang='lat' dir='ltr'><strong>loco</strong></span> <span class='ocrx_word' id='word_1_259' title='bbox 897 2798 1023 2878; x_wconf 87' lang='lat' dir='ltr'><strong>ipsomm</strong></span> 
     </span>
     <span class='ocr_line' id='line_1_34' title="bbox 112 2873 1022 2956; baseline -0.003 -15"><span class='ocrx_word' id='word_1_260' title='bbox 112 2882 231 2941; x_wconf 87' lang='lat' dir='ltr'><strong>tulisset</strong></span> <span class='ocrx_word' id='word_1_261' title='bbox 247 2881 368 2952; x_wconf 89' lang='lat' dir='ltr'><strong>animus,</strong></span> <span class='ocrx_word' id='word_1_262' title='bbox 383 2878 488 2938; x_wconf 85' lang='lat' dir='ltr'><strong>deinde</strong></span> <span class='ocrx_word' id='word_1_263' title='bbox 509 2893 561 2956; x_wconf 89' lang='lat' dir='ltr'><strong>per</strong></span> <span class='ocrx_word' id='word_1_264' title='bbox 580 2873 793 2935; x_wconf 82' lang='lat' dir='ltr'><strong>libidinemaut</strong></span> <span class='ocrx_word' id='word_1_265' title='bbox 811 2886 920 2936; x_wconf 91' lang='lat' dir='ltr'><strong>metum</strong></span> <span class='ocrx_word' id='word_1_266' title='bbox 940 2878 1022 2938; x_wconf 85' lang='lat' dir='ltr'><strong>dese·</strong></span> 
     </span>
     <span class='ocr_line' id='line_1_35' title="bbox 111 2953 1073 3036; baseline -0.003 -19"><span class='ocrx_word' id='word_1_267' title='bbox 111 2959 240 3018; x_wconf 87' lang='lat' dir='ltr'><strong>rentium</strong></span> <span class='ocrx_word' id='word_1_268' title='bbox 256 2959 361 3020; x_wconf 70' lang='lat' dir='ltr'><strong>locum.</strong></span> <span class='ocrx_word' id='word_1_269' title='bbox 384 2957 475 3036; x_wconf 86' lang='lat' dir='ltr'><strong>prima</strong></span> <span class='ocrx_word' id='word_1_270' title='bbox 495 2954 616 3032; x_wconf 84' lang='lat' dir='ltr'><strong>legioet</strong></span> <span class='ocrx_word' id='word_1_271' title='bbox 634 2953 748 3013; x_wconf 84' lang='lat' dir='ltr'><strong>sinistra</strong></span> <span class='ocrx_word' id='word_1_272' title='bbox 765 2954 811 3014; x_wconf 85' lang='lat' dir='ltr'><strong>ala</strong></span> <span class='ocrx_word' id='word_1_273' title='bbox 831 2955 861 3013; x_wconf 91' lang='lat' dir='ltr'><strong>in</strong></span> <span class='ocrx_word' id='word_1_274' title='bbox 874 2957 965 3034; x_wconf 87' lang='lat' dir='ltr'><strong>primo</strong></span> <span class='ocrx_word' id='word_1_275' title='bbox 978 2959 1022 3014; x_wconf 89' lang='lat' dir='ltr'><strong>in·</strong></span> <span class='ocrx_word' id='word_1_276' title='bbox 1068 2985 1073 2990; x_wconf 94' lang='lat'>·</span> 
     </span>
     <span class='ocr_line' id='line_1_36' title="bbox 114 3033 1026 3112; baseline -0.007 -17"><span class='ocrx_word' id='word_1_277' title='bbox 114 3045 250 3106; x_wconf 83' lang='lat' dir='ltr'><strong>structae,</strong></span> <span class='ocrx_word' id='word_1_278' title='bbox 271 3046 304 3094; x_wconf 88' lang='lat' dir='ltr'><strong>et</strong></span> <span class='ocrx_word' id='word_1_279' title='bbox 327 3037 356 3091; x_wconf 91' lang='lat' dir='ltr'><strong>in</strong></span> <span class='ocrx_word' id='word_1_280' title='bbox 379 3033 587 3110; x_wconf 84' lang='lat' dir='ltr'><strong>longitudinem</strong></span> <span class='ocrx_word' id='word_1_281' title='bbox 614 3043 751 3112; x_wconf 83' lang='lat' dir='ltr'><strong>porrecto·</strong></span> <span class='ocrx_word' id='word_1_282' title='bbox 769 3033 854 3092; x_wconf 82' lang='lat' dir='ltr'><strong>acies.</strong></span> <span class='ocrx_word' id='word_1_283' title='bbox 876 3033 1026 3092; x_wconf 82' lang='lat' dir='ltr'><strong>clamanti·</strong></span> 
     </span>
     <span class='ocr_line' id='line_1_37' title="bbox 111 3111 1022 3183; baseline -0.002 -11"><span class='ocrx_word' id='word_1_284' title='bbox 111 3115 174 3172; x_wconf 81' lang='lat' dir='ltr'><strong>bus</strong></span> <span class='ocrx_word' id='word_1_285' title='bbox 191 3112 322 3182; x_wconf 74' lang='lat' dir='ltr'><strong>tribunis,</strong></span> <span class='ocrx_word' id='word_1_286' title='bbox 343 3111 414 3168; x_wconf 83' lang='lat' dir='ltr'><strong>nihil</strong></span> <span class='ocrx_word' id='word_1_287' title='bbox 434 3111 571 3168; x_wconf 77' lang='lat' dir='ltr'><strong>inmorsus</strong></span> <span class='ocrx_word' id='word_1_288' title='bbox 592 3111 702 3169; x_wconf 81' lang='lat' dir='ltr'><strong>roboris</strong></span> <span class='ocrx_word' id='word_1_289' title='bbox 722 3126 758 3170; x_wconf 84' lang='lat' dir='ltr'><strong>ac</strong></span> <span class='ocrx_word' id='word_1_290' title='bbox 774 3111 875 3168; x_wconf 84' lang='lat' dir='ltr'><strong>virium</strong></span> <span class='ocrx_word' id='word_1_291' title='bbox 896 3127 968 3180; x_wconf 89' lang='lat' dir='ltr'><strong>esse,</strong></span> <span class='ocrx_word' id='word_1_292' title='bbox 983 3121 1022 3183; x_wconf 89' lang='lat' dir='ltr'><strong>et,</strong></span> 
     </span>
     <span class='ocr_line' id='line_1_38' title="bbox 111 3185 1020 3272; baseline -0.002 -24"><span class='ocrx_word' id='word_1_293' title='bbox 111 3207 226 3272; x_wconf 88' lang='lat' dir='ltr'><strong>quacun</strong></span> <span class='ocrx_word' id='word_1_294' title='bbox 247 3207 283 3248; x_wconf 92' lang='lat' dir='ltr'><strong>ue</strong></span> <span class='ocrx_word' id='word_1_295' title='bbox 303 3191 442 3267; x_wconf 88' lang='lat' dir='ltr'><strong>impetum</strong></span> <span class='ocrx_word' id='word_1_296' title='bbox 459 3185 574 3245; x_wconf 86' lang='lat' dir='ltr'><strong>fecisset</strong></span> <span class='ocrx_word' id='word_1_297' title='bbox 594 3188 693 3258; x_wconf 88' lang='lat' dir='ltr'><strong>hostis,</strong></span> <span class='ocrx_word' id='word_1_298' title='bbox 712 3197 914 3267; x_wconf 76' lang='lat' dir='ltr'><strong>perruptums3</strong></span> <span class='ocrx_word' id='word_1_299' title='bbox 941 3187 1020 3260; x_wconf 87' lang='lat' dir='ltr'><strong>nihil,</strong></span> 
     </span>
     <span class='ocr_line' id='line_1_39' title="bbox 112 3209 1022 3350; baseline -0.002 -24"><span class='ocrx_word' id='word_1_300' title='bbox 112 3267 191 3350; x_wconf 88' lang='lat' dir='ltr'><strong>quod</strong></span> <span class='ocrx_word' id='word_1_301' title='bbox 210 3209 333 3328; x_wconf 72' lang='lat' dir='ltr'><strong>adutare</strong></span> <span class='ocrx_word' id='word_1_302' title='bbox 353 3277 439 3334; x_wconf 83' lang='lat' dir='ltr'><strong>esset,</strong></span> <span class='ocrx_word' id='word_1_303' title='bbox 453 3282 510 3322; x_wconf 92' lang='lat' dir='ltr'><strong>non</strong></span> <span class='ocrx_word' id='word_1_304' title='bbox 534 3265 620 3323; x_wconf 85' lang='lat' dir='ltr'><strong>morlo</strong></span> <span class='ocrx_word' id='word_1_305' title='bbox 643 3265 685 3324; x_wconf 87' lang='lat' dir='ltr'><strong>ad·</strong></span> <span class='ocrx_word' id='word_1_306' title='bbox 703 3267 839 3333; x_wconf 88' lang='lat' dir='ltr'><strong>animum,</strong></span> <span class='ocrx_word' id='word_1_307' title='bbox 854 3262 905 3321; x_wconf 85' lang='lat' dir='ltr'><strong>sed</strong></span> <span class='ocrx_word' id='word_1_308' title='bbox 927 3283 965 3324; x_wconf 89' lang='lat' dir='ltr'><strong>ne</strong></span> <span class='ocrx_word' id='word_1_309' title='bbox 984 3269 1022 3324; x_wconf 87' lang='lat' dir='ltr'><strong>ad</strong></span> 
     </span>
     <span class='ocr_line' id='line_1_40' title="bbox 110 3341 1020 3424; baseline -0.005 -18"><span class='ocrx_word' id='word_1_310' title='bbox 110 3363 195 3407; x_wconf 89' lang='lat' dir='ltr'><strong>aures</strong></span> <span class='ocrx_word' id='word_1_311' title='bbox 206 3345 330 3424; x_wconf 85' lang='lat' dir='ltr'><strong>quidem,</strong></span> <span class='ocrx_word' id='word_1_312' title='bbox 342 3342 541 3402; x_wconf 83' lang='lat' dir='ltr'><strong>admittebant.</strong></span> <span class='ocrx_word' id='word_1_313' title='bbox 581 3341 621 3401; x_wconf 87' lang='lat' dir='ltr'><strong>Et</strong></span> <span class='ocrx_word' id='word_1_314' title='bbox 632 3341 789 3413; x_wconf 77' lang='lat' dir='ltr'><strong>Hannibal,</strong></span> <span class='ocrx_word' id='word_1_315' title='bbox 800 3341 1020 3418; x_wconf 88' lang='lat' dir='ltr'><strong>haudquaquam</strong></span> 
     </span>
     <span class='ocr_line' id='line_1_41' title="bbox 109 3415 1019 3499; baseline -0.004 -16"><span class='ocrx_word' id='word_1_316' title='bbox 109 3423 211 3484; x_wconf 80' lang='lat' dir='ltr'><strong>similis</strong></span> <span class='ocrx_word' id='word_1_317' title='bbox 231 3423 301 3493; x_wconf 89' lang='lat' dir='ltr'><strong>dux,</strong></span> <span class='ocrx_word' id='word_1_318' title='bbox 322 3439 416 3499; x_wconf 90' lang='lat' dir='ltr'><strong>neque</strong></span> <span class='ocrx_word' id='word_1_319' title='bbox 436 3419 519 3477; x_wconf 86' lang='lat' dir='ltr'><strong>simili</strong></span> <span class='ocrx_word' id='word_1_320' title='bbox 540 3419 676 3490; x_wconf 79' lang='lat' dir='ltr'><strong>exercitu,</strong></span> <span class='ocrx_word' id='word_1_321' title='bbox 697 3437 791 3498; x_wconf 89' lang='lat' dir='ltr'><strong>neque</strong></span> <span class='ocrx_word' id='word_1_322' title='bbox 809 3415 850 3474; x_wconf 79' lang='lat' dir='ltr'><strong>ire</strong></span> <span class='ocrx_word' id='word_1_323' title='bbox 871 3415 1019 3494; x_wconf 79' lang='lat' dir='ltr'><strong>instructo,</strong></span> 
     </span>
     <span class='ocr_line' id='line_1_42' title="bbox 111 3491 1020 3633; baseline -0.02 -70"><span class='ocrx_word' id='word_1_324' title='bbox 111 3503 221 3563; x_wconf 85' lang='lat' dir='ltr'><strong>aderat.</strong></span> <span class='ocrx_word' id='word_1_325' title='bbox 243 3512 314 3578; x_wconf 82' lang='lat' dir='ltr'><strong>ergo</strong></span> <span class='ocrx_word' id='word_1_326' title='bbox 338 3517 375 3558; x_wconf 89' lang='lat' dir='ltr'><strong>ne</strong></span> <span class='ocrx_word' id='word_1_327' title='bbox 395 3495 677 3633; x_wconf 55' lang='lat' dir='ltr'><strong>clamoremlqnldem</strong></span> <span class='ocrx_word' id='word_1_328' title='bbox 696 3505 784 3573; x_wconf 83' lang='lat' dir='ltr'><strong>atque</strong></span> <span class='ocrx_word' id='word_1_329' title='bbox 801 3491 942 3590; x_wconf 75' lang='lat' dir='ltr'><strong>impeturn</strong></span> <span class='ocrx_word' id='word_1_330' title='bbox 965 3499 1020 3576; x_wconf 56' lang='lat' dir='ltr'><strong>pris</strong></span> 
     </span>
    </p>
   </div>
   <div class='ocr_carea' id='block_1_7' title="bbox 0 0 1198 3930">
    <p class='ocr_par' dir='ltr' id='par_1_7' title="bbox 0 0 1198 3930">
     <span class='ocr_line' id='line_1_43' title="bbox 0 0 1198 3930; baseline 0 3"><span class='ocrx_word' id='word_1_331' title='bbox 0 0 1198 3930; x_wconf 95' lang='lat' dir='ltr'><strong> </strong></span> 
     </span>
    </p>
   </div>
  </div>
 </body>
</html>
