2406 3932
170 243 210 310 92
478 251 482 258 ’
527 237 562 302 Τ.
589 237 732 308 ttvrr

168 398 211 462 do
223 399 261 456 ab
288 395 409 456 tribunis
421 395 543 459 militurn
567 397 672 466 adacti,
690 401 772 474 jussu
785 397 936 458 contulum
956 417 1079 470 mntem

167 487 260 540 turca,
284 493 378 551 neque
401 473 513 551 injussu
529 475 672 536 abituros·¹
686 493 754 534 nam
774 475 812 534 ad
829 494 892 535 eam
913 475 991 541 diem
1002 477 1080 541 ,nihil

170 562 286 631 praeter
297 563 507 611 sacramentum
520 551 632 620 fuerat3
652 563 691 621 et,
706 552 756 612 ubi
768 553 806 612 ad
824 552 1004 622 decuriatum
1027 568 1080 615 aut

169 629 360 692 centuriatum
374 629 583 698 convenissent,
604 631 657 688 sua
668 630 818 692 voluntate
828 630 881 706 ipsi
895 632 968 690 inter
982 651 1022 703 se,
1048 653 1079 692 e·

189 709 273 766 uitee'
287 707 436 773 decuriati,
463 708 615 766 centuriati
632 708 758 785 pedites,
787 709 984 785 conjurabant,
1013 729 1078 774 sese

168 727 255 861 ἕψε
268 795 356 862 atque
369 784 526 844 formidinis
540 787 610 861 ergd
624 803 682 844 non
702 785 840 856 abituros,
862 803 955 863 neque
976 806 1015 860 ex,
1032 807 1077 846 or-

160 861 237 924 dine
259 881 430 930 recessuros,
452 862 504 920 nisi
529 862 579 922 teli
603 864 733 923 sumendi
755 875 807 922 aut
828 863 955 940 petendi,
975 877 1005 924 ct
1028 877 1079 932 aut

162 940 260 1005 ,hostis
279 939 407 1008 feriendi,
431 951 482 998 aut
503 939 571 998 civis
595 940 734 1007 servandi,
756 945 854 1000 causti.
875 941 904 998 id
923 961 962 1001 ex
979 941 1078 1000 volun·

162 1017 243 1082 ,tario
257 1017 336 1076 ¹inter
355 1020 432 1094 ipsos
451 1017 567 1076 foedere
586 1035 604 1074 a
626 1017 747 1076 tribunis
767 1018 805 1076 ad
822 1019 976 1094 legitimam
994 1022 1079 1096 juria-

161 1096 280 1173 q'nrandi
300 1095 480 1154 adactionem
503 1093 682 1154 translatum.
723 1095 893 1163 Conciones,
913 1096 1075 1172 priusquam

163 1175 206 1234 ab
220 1175 293 1233 urbe
305 1171 386 1248 signs
404 1183 593 1240 moverentur,
613 1173 740 1232 conculis
760 1173 893 1232 Varronis
913 1173 1020 1232 multae
1040 1191 1076 1234 ac

162 1250 277 1309 feroces
299 1250 388 1316 suere,
416 1249 624 1319 denunciantis,
651 1251 759 1310 bellurn
784 1251 962 1328 (arcessitum
989 1250 1019 1308 in
1046 1251 1075 1308 I·

164 1327 265 1396 talinm
284 1326 322 1384 ab
342 1325 496 1394 nobilibus,
515 1343 737 1405 mansurumque
757 1327 786 1386 in
806 1329 962 1400 visceribus¹
981 1329 1075 1406 reipm

163 1403 269 1472 blieae,
290 1403 314 1462 ai
336 1403 433 1480 plures
457 1403 561 1464 Fabios
584 1405 769 1482 imperatores
796 1406 927 1480 haberer)
949 1425 989 1476 sa,
1017 1423 1074 1484 quo

165 1481 213 1540 die
227 1480 339 1540 hostem
354 1481 479 1551 vidisset,
499 1482 702 1560 perfecturum.
741 1481 877 1558 Collegae
900 1486 963 1558 ejus
988 1483 1101 1541 Panl-x

164 1559 185 1616 li
208 1577 275 1627 una,
300 1559 390 1636 pridie
417 1577 502 1638 quam
530 1575 568 1620 ex
590 1562 662 1620 urbe
687 1559 943 1638 proficiacercntur,
969 1561 1072 1633 concio

162 1635 227 1704 fuit,
241 1636 343 1706 verior,
358 1657 443 1714 quam
456 1638 562 1714 gratior
577 1639 695 1772 populo,
718 1640 776 1716 qud
785 1697 786 1703 ,
795 1637 864 1696 nihil
886 1637 1073 1696 inclementer

163 1716 194 1784 iu
209 1715 367 1776 Varronem
380 1716 499 1783 dictum,
523 1716 576 1773 nisi
598 1717 606 1770 i
648 1716 755 1772 modo:
774 1715 869 1770 mirari
890 1734 931 1781 se,
952 1734 1073 1790 quomo-

164 1792 202 1855 do
223 1795 287 1872 quis
306 1794 374 1860 dux,
395 1793 558 1868 priusquam
577 1801 629 1846 aut
646 1808 730 1846 suurn
749 1799 801 1846 aut
818 1789 943 1846 boatium
963 1793 1073 1857 exerci-

163 1884 235 1938 tum,
263 1871 390 1926 locorum
417 1868 512 1931 situm,
539 1873 670 1920 naturam
701 1865 839 1939 regionis,
866 1866 973 1935 nosset,
1011 1870 1072 1944 jam

163 1964 241 2020 nunc
260 1945 372 2001 locatus
392 1943 421 1997 in
446 1941 516 1999 urbe
538 1940 633 2010 sciret,
652 1960 726 2019 quae
748 1942 803 2002 sibi
826 1943 939 2019 agenda
956 1957 1072 2014 armato

160 2023 276 2094 ‚loreum
302 2031 333 2078 et
358 2018 435 2076 diera
462 2037 577 2096 quoque
603 2020 768 2097 praedicere
789 2034 897 2100 posset,
921 2025 978 2101 quai
1005 2043 1071 2082 cum

161 2101 247 2159 hoste
266 2095 354 2172 signis
373 2096 485 2155 collatis
508 2109 585 2156 esset
602 2099 797 2160 dimicaturus.
838 2099 885 2169 Se,
908 2119 983 2177 quae
1002 2120 1071 2160 cou-

160 2176 225 2246 ,silia
237 2172 328 2250 magia
342 2193 387 2234 res
400 2176 471 2234 dent
484 2175 656 2245 hominibus,
671 2197 755 2253 quam
770 2176 900 2236 homines
920 2179 1014 2247 rebus,
1035 2197 1071 2237 ea

159 2262 230 2324 ante
253 2264 368 2331 tempus
390 2253 543 2319 immatura
563 2272 621 2311 non
643 2266 872 2330 praecepturum.
894 2264 1002 2329 optare,
1027 2267 1069 2326 ut,

159 2348 235 2408 quae
254 2342 340 2388 caute
360 2343 446 2407 atque
465 2330 697 2406 consulte'gesta
716 2342 821 2395 essent,
842 2329 910 2388 satis
932 2348 1067 2408 prospere

162 2407 316 2468 euenirent.
343 2406 543 2477 temeritatem,
570 2418 768 2484 praeterquam
795 2407 872 2485 quod
900 2408 989 2468 stulta
1019 2410 1066 2479 sit,

158 2485 303 2546 infelicem
323 2485 411 2544 etiam
432 2485 469 2544 ad
490 2485 519 2543 id
542 2485 669 2550 locorum
692 2481 789 2546 fnisse.
828 2485 863 2543 ld
890 2489 944 2546 suri
966 2491 1075 2563 sponte

158 2564 327 2642 apparebat,
358 2574 422 2624 tuta
448 2563 589 2625 celeribus
615 2563 739 2622 consiliis
765 2563 1001 2641 praepositorum,
1027 2578 1066 2635 et,

156 2661 220 2717 quo
232 2643 263 2699 id
276 2641 453 2702 constantius
468 2653 669 2720 perseveraret,
688 2643 725 2708 Q„
739 2641 846 2701 Fabius
859 2643 1007 2702 Maximus
1027 2644 1067 2702 sic

159 2735 226 2788 eum
241 2717 469 2792 proficiscentem
482 2721 626 2780 allocutus
639 2720 746 2780 fertur:

158 2835 163 2864 ‚r
198 2791 339 2852 XXXlX.
380 2806 399 2834 “
414 2798 448 2854 St
475 2809 525 2855 aut
548 2799 689 2872 collegam
712 2799 753 2872 (id
774 2797 852 2872 quod
875 2797 1000 2870 mallem)
1024 2799 1066 2854 tui

160 2878 178 2908 “
191 2869 322 2938 similem,
343 2871 379 2926 L.
400 2873 516 2938 Aemili,
537 2873 668 2936 haberes,
687 2885 738 2928 aut
757 2883 790 2928 tu
814 2872 941 2946 collegae
964 2875 1005 2931 tui
1029 2875 1066 2930 ei·

159 2955 182 3018 ft·
191 2946 266 3004 milis
291 2964 379 3014 esses,
403 2965 614 3022 supervacanea
636 2958 712 3006 essm
735 2946 826 3022 oratio
849 2965 921 3006 mea.
945 2953 1020 3018 nam,
1035 2963 1067 3012 et

158 3032 178 3096 ‘.‘
191 3025 249 3084 duo
269 3022 338 3082 boni
358 3021 498 3092 consules,
519 3022 605 3084 etiam
625 3041 672 3090 rue
691 3023 845 3094 indicente,
864 3025 960 3084 omnia
983 3045 1064 3096 ere7

158 3099 338 3178 erepublica
348 3097 408 3162 lide
420 3103 515 3164 vestra
527 3101 678 3162 faceretisr
694 3113 730 3170 et
743 3101 809 3160 mali
823 3121 877 3160 nec
894 3121 962 3173 meu
977 3107 1065 3176 verba

157 3180 307 3254 {auribus
321 3180 431 3247 vestris,
445 3199 500 3240 nec
511 3179 631 3240 consilia
646 3178 757 3250 animis,
776 3179 956 3256 acciperetis.
975 3201 1071 3254 nunes

161 3268 179 3295 ‘⁴
193 3269 223 3317 et
236 3259 376 3338 collegam
389 3268 471 3318 tuum
485 3270 516 3320 ct
529 3269 559 3317 te
572 3259 659 3318 talem
674 3257 763 3316 virum
783 3258 915 3328 intuenti,
930 3259 999 3326 mibi
1010 3273 1062 3332 vtc7

158 3346 260 3398 ticum
280 3338 373 3398 omnis
396 3337 487 3396 oratio
508 3348 570 3396 eat:
601 3355 686 3414 quern
713 3336 796 3396 video
820 3333 1009 3414 nequicquam
1032 3350 1061 3395 et

158 3423 178 3472 .⁴‘
191 3415 282 3486 virum
295 3419 404 3477 bonum
418 3427 446 3474 et
460 3415 551 3475 civem
565 3415 635 3483 fore,
659 3415 683 3472 ai
703 3415 794 3474 alteri
814 3428 908 3492 parte,
918 3413 1060 3488 claudicet

158 3495 362 3588 tropubljes.
374 3493 456 3556 malis
475 3493 599 3566 consiliis
619 3492 695 3554 idem
715 3512 750 3568 cc
767 3494 850 3567 bonis
870 3494 940 3571 juria
959 3503 989 3566 ct,
1008 3511 1059 3568 po:
