2534 4010
183 209 224 274 28
507 197 569 268 «Τ.
597 200 740 268 atrii

182 371 232 435 dit,
257 368 346 445 risque
369 365 438 444 ipsis
462 363 588 433 turnutis,
615 371 687 440 ques
712 363 812 422 buttes
834 373 995 440 tenuerent,
1022 377 1093 430 eane

181 448 264 506 sedit.

220 515 363 580 xxxin.
403 520 515 577 Perua
529 519 633 578 deinde
646 519 712 580 luce
726 530 818 579 eastra
831 532 918 590 muta,
939 532 970 580 et
982 535 1090 598 agmen

181 601 320 676 reliquum
341 597 474 656 incedere
488 597 592 675 coepit.
631 599 699 658 Jarn
717 599 845 657 montani
860 599 942 675 signo
961 599 1030 657 datu
1051 619 1090 660 err

182 677 304 743 castellis
324 673 361 734 ad
382 676 534 733 stationem
555 675 667 735 selitain
691 677 916 746 conveniebant3
936 689 1027 755 quum·
1043 689 1090 736 te·

180 765 267 832 pente
280 751 459 832 conspiciunt
473 753 553 822 alius,
568 772 634 813 aroe
652 756 794 830 occupata
811 757 874 822 soil,
897 770 982 832 super
1001 763 1092 832 capitit

180 833 370 900 imminentes,
398 830 469 888 alios
492 831 539 890 rie
563 833 682 890 transire
705 831 812 890 hostes.
854 833 986 911 Utraque
1005 831 1091 892 'simul

181 912 296 986 objectu
322 921 367 967 tes
391 907 481 966 oeulis
505 909 661 984 animisque
684 909 845 968 immobiles
868 925 1022 989 parumper
1041 925 1092 969 eos

182 987 290 1046 delixit.
310 987 424 1054 deinde,
446 999 480 1044 ut
502 985 720 1060 trepidationem
747 986 776 1041 in
804 988 952 1061 angustiis,
981 999 1093 1064 subque

180 1067 274 1143 ipsum
300 1065 425 1124 tumultu
452 1063 563 1120 misceri
590 1080 702 1138 agmen,
726 1063 832 1131 videre,
859 1064 939 1140 equis
965 1067 1095 1122 manime

132 1168 135 1174 ·
181 1143 377 1209 consternatis
400 1140 533 1219 quicquid
559 1141 732 1217 adjecissent
755 1141 809 1218 ipsi
832 1141 944 1200 terroris
962 1141 1034 1218 satis
1053 1143 1091 1199 ad

181 1222 337 1297 perniciem
363 1215 424 1278 lete
450 1219 512 1286 rati,
537 1219 677 1295 perversis
700 1218 819 1296 rupibus
843 1222 925 1295 juxta
953 1219 1029 1276 invia
1055 1232 1094 1278 ao

183 1297 266 1354 devia
279 1289 387 1355 assueti
399 1296 569 1355 discurrunt.
611 1297 686 1354 Tum
699 1305 767 1354 vero
787 1297 870 1354 simul
892 1299 929 1355 ab
950 1295 1092 1364 nauibus

144 1389 157 1404 ·
181 1373 264 1431 simul
294 1376 333 1431 ab
360 1374 509 1451 iniquitate
541 1374 679 1442 locorum,
708 1374 799 1431 Poeni
829 1377 1096 1450 oppugnabantur}

180 1451 302 1528 plusque
321 1449 395 1509 inter
414 1452 501 1528 ipsus,
523 1453 588 1529 (sibi
608 1465 722 1528 quoque
746 1451 892 1518 tendente,
910 1464 942 1509 ut
963 1452 1095 1526 periculo

180 1528 258 1606 prius
285 1529 431 1603 eraderet)
458 1543 544 1606 quern
572 1544 638 1588 oum
665 1529 808 1599 hostibus,-
832 1528 994 1587 uertendnis
1021 1539 1096 1586 erum

182 1606 256 1682 Equi
283 1604 408 1664 maxime
431 1607 566 1666 infestum
590 1624 694 1684 agmen
718 1609 873 1676 faciebant,
902 1607 950 1684 qui
973 1613 1012 1672 et,
1034 1598 1095 1664 olas

181 1684 309 1744 moribus
335 1683 466 1755 dissonis,
494 1705 567 1761 quos
592 1699 710 1742 nemum
736 1682 825 1739 eriam
851 1696 1096 1760 repercussaeque

181 1759 270 1822 ualles
291 1766 446 1841 augebant,
471 1763 569 1824 territi,
593 1759 792 1830 trepidabant3
813 1768 851 1822 et,
876 1757 926 1813 ieri
949 1761 1022 1814 forte
1042 1773 1096 1817 aut

180 1842 329 1907 rumerari,
352 1840 425 1893 adeo
448 1833 713 1896 consternabantur,
739 1843 771 1887 ut
798 1843 924 1907 stragem
946 1834 1096 1910 ingentem

182 1917 264 1974 simul
287 1912 433 1968 hominurn
453 1925 488 1964 ac
507 1910 681 1966 sarcinarum
703 1909 795 1967 omnis
814 1911 928 1986 generis
948 1911 1096 1972 facerent:

182 1989 342 2064 multusque
363 1986 456 2050 turba,
481 1999 569 2062 quum
593 1985 764 2066 praecipites
785 1988 981 2068 deruptaeque
1007 1992 1097 2050 erema

183 2085 239 2144 que
258 2063 406 2140 augustiae
426 2075 532 2134 essent,
553 2066 582 2124 in
603 2067 775 2126 immensum
794 2067 951 2127 altitudinis
972 2069 1099 2145 dejaoim

185 2142 322 2221 quosdam
337 2151 368 2200 et
380 2153 515 2200 armatos.
528 2145 580 2202 sed
595 2145 694 2201 ruinae
714 2147 856 2202 maximae
878 2139 964 2202 morlo
981 2149 1095 2220 jumen*

184 2237 214 2279 ta
228 2239 294 2278 cum
309 2221 444 2280 oneribus
457 2222 690 2280 devolvebantur.
731 2225 814 2286 Quae
834 2238 997 2298 quanquam
1010 2221 1097 2282 foeda

183 2299 244 2356 visu
269 2309 360 2370 erant,
384 2298 463 2356 stetit
487 2315 639 2376 parumper
663 2308 758 2357 tamen
785 2299 942 2366 Hannibal,
966 2316 1002 2356 ac
1028 2311 1096 2358 suas

179 2377 335 2445 continuit,
360 2393 396 2434 ne
420 2377 576 2435 tumultum
600 2397 634 2435 ac
656 2377 876 2453 trepidationem
895 2388 1023 2453 augeret.
1045 2378 1097 2436 det

185 2455 260 2526 inde,
285 2465 436 2534 postquam
461 2455 627 2533 interrumpi
654 2468 756 2530 agmen
781 2455 860 2524 vidit,
881 2455 1100 2532 periculumque

187 2551 250 2594 esse
278 2555 315 2595 ne
343 2535 697 2612 exutum'impedimentis
722 2533 882 2591 exereitum
907 2532 1098 2667 nequicquam

187 2614 359 2673 ineolumem
382 2613 562 2682 traduxisset,
583 2611 709 2672 decurrit
727 2628 765 2670 ex
788 2611 934 2690 superlore
967 2627 1038 2678 ocur
1058 2621 1097 2680 et,

188 2704 276 2762 quum
290 2691 399 2764 impetu
413 2693 475 2768 ipso
489 2693 611 2752 fudisset
630 2691 753 2760 hostem,
774 2691 835 2748 suis
856 2705 972 2766 queque
991 2687 1098 2746 tumul·

187 2777 248 2821 turn
271 2767 360 2822 auxit.
384 2769 435 2824 sed
462 2771 485 2825 is
511 2771 653 2826 tumultus
678 2775 831 2822 momentu·
851 2764 996 2838 temporis,
1020 2776 1098 2836 post-

189 2853 273 2916 quam
288 2841 408 2898 liberata
421 2843 524 2899 itinera
536 2844 606 2916 iuga
623 2833 827 2908 ,montanorum
849 2852 941 2905 erant,
962 2835 1099 2897 sedatum

189 2931 244 2974 nec
264 2935 316 2993 per
339 2917 428 2974 otium
450 2917 549 2985 modo,
571 2911 622 2974 sad
646 2927 735 2992 prope
755 2914 877 2980 silentio,
901 2930 972 2972 mox
997 2929 1098 2974 omnes

190 2993 324 3053 traducti.
379 2995 536 3053 Castellum
563 2994 639 3062 inde,
673 2991 749 3068 quod
776 3002 864 3070 eaput
887 2995 949 3070 ejus
976 2993 1100 3069 regionis

194 3083 264 3140 erat,
278 3073 443 3149 viculosque
455 3073 665 3150 circumjectus,
687 3069 772 3146 capit,
794 3081 824 3130 et
848 3071 1025 3148 captivorum
1047 3087 1099 3151 pe·

190 3149 308 3208 curibus
321 3167 373 3228 per
387 3150 511 3209 triduum
525 3151 683 3210 exereitum
696 3149 777 3208 aluit.
796 3160 834 3218 et,
859 3149 927 3228 quia
943 3166 998 3208 nee
1017 3166 1099 3210 mou·

150 3233 152 3238 '
189 3228 277 3298 tanis,
304 3229 394 3308 primu
421 3231 568 3307 perculsis,
595 3245 651 3288 nec
674 3228 738 3299 loeo
765 3243 939 3306 magnopere
962 3229 1099 3308 impedia-

192 3309 308 3374 bantur,
322 3308 499 3386 aliquantum
512 3329 547 3368 eu
561 3308 656 3368 triduo
669 3308 731 3368 viae
744 3307 876 3366 coniecit.

233 3385 372 3446 XXXIV.
411 3385 616 3448 Paavnuruu
639 3387 706 3446 inde
726 3387 763 3445 ad
782 3385 961 3465 frequentem
985 3382 1098 3444 cultori·

193 3462 249 3520 bm
269 3468 365 3540 alium,
385 3478 418 3526 ut
440 3467 515 3529 inter
538 3477 682 3538 montana,
707 3463 855 3544 populum.
877 3465 919 3526 ibi
942 3477 1005 3524 uati
1022 3458 1099 3552 ballo
1215 3477 1216 3484 ’
