2534 4010
188 215 226 283 te
412 177 415 190 ’
541 213 578 273 r.
606 214 782 295 ntvsr⁸

190 385 252 436 erse
265 375 353 436 ratur,
366 365 397 428 iti
410 367 525 443 agebat,
540 381 573 430 ut
591 389 676 448 qmm
696 369 854 432 maximum
872 371 1098 450 cmoiumentusa

191 445 272 508 novis
285 444 369 506 maiis
390 457 474 506 asset.
515 447 736 527 Circumspectis
756 449 1099 530 ignorantibusque

189 521 305 583 fortuna
319 523 470 600 potcstatis
491 527 553 602 eius
565 539 679 603 poterat
699 527 804 601 facere,
818 527 964 588 obsidibus
984 531 1099 606 potissi·
1144 584 1149 591 .

190 621 269 662 mutu
288 600 433 660 tradendis
451 603 578 662 animum
596 605 712 682 adjecit,
733 625 797 666 eam
818 624 903 666 unam
924 625 983 666 rem
1007 607 1099 668 tnui

191 699 239 750 me
259 690 337 738 ratus
358 679 573 740 conciliaturam
598 682 736 742 Romanis
756 685 916 762 principum
940 683 1098 761 Hispaniae

190 756 355 822 amicitiam.
395 757 453 816 Sed
467 777 564 836 quum,
585 759 692 838 injussu
712 761 840 820 Bostaris
858 761 1006 840 praesenti,
1028 762 1099 822 aad·

189 835 287 906 sciret,
307 835 377 894 nihii
396 835 528 898 obsidum
552 839 688 898 custodes
703 838 831 900 facturos
853 859 927 910 esse,
947 841 1097 900 Bostarem
1140 863 1149 878 ³

188 914 282 991 ipsum
296 926 357 972 arte
371 913 543 990 aggreditur.
583 917 684 976 Castra
697 930 779 976 extra
792 919 894 977 urbem
917 919 948 976 in
968 919 1030 996 ipso
1052 917 1098 978 lit·

94 1007 97 1014 ’
188 1001 251 1053 tore
264 991 392 1050 habebat
412 991 525 1060 Bostar,
546 1003 580 1050 ut
601 993 711 1052 aditum
731 1014 769 1053 ex
788 1008 873 1072 portu
893 995 1098 1058 intercluderet

189 1068 338 1128 Romanis.
359 1068 399 1126 ibi
417 1086 493 1138 eum,
511 1068 542 1129 in
565 1082 708 1130 secretum
729 1073 897 1143 abductum,
917 1073 996 1130 reiut
1015 1073 1102 1154 igno,-x

187 1159 310 1215 raptem,
330 1158 436 1216 monet,
458 1165 514 1224 quo
536 1159 613 1209 statu
637 1150 674 1208 sit
696 1169 761 1210 res:
788 1149 902 1210 Motum
922 1149 1099 1222 continuisse

189 1224 226 1284 ad
240 1243 304 1282 eam
318 1224 395 1282 diem
410 1225 606 1302 Hispanorum
620 1227 740 1300 animos,
761 1229 826 1306 quia
849 1229 949 1306 procul
971 1225 1098 1290 Romus

188 1303 342 1376 abessent:
362 1303 493 1364 nuucois
507 1303 627 1362 iberum
637 1316 732 1366 castra
753 1305 886 1366 Romans
907 1326 979 1376 esse,
999 1325 1097 1376 arcear

189 1389 281 1438 tutam
302 1378 517 1458 perfugiumque
536 1400 625 1440 novas
643 1381 804 1440 volentibus
821 1401 876 1440 res.
895 1384 1003 1459 itaque,
1025 1403 1096 1461 quos

187 1468 282 1520 metus
296 1476 353 1514 non
368 1469 474 1529 teneat,
488 1457 626 1520 beneficio
640 1470 671 1518 ct
689 1459 782 1536 gratiis
800 1457 1003 1518 devinciendos
1023 1480 1097 1522 esse.

185 1533 309 1594 ,Miranti
328 1535 451 1609 Bostari,
471 1539 736 1617 percunctantique,
756 1537 900 1615 quodnam
918 1536 949 1594 id
968 1536 1097 1596 tribuum

188 1623 287 1676 tautae
300 1615 342 1672 rei
359 1614 467 1674 donum
488 1617 578 1694 possit
598 1636 671 1685 esse,
696 1627 714 1654 ‘⁴
729 1613 886 1684 Obsides,''‘
903 1613 1003 1690 inquit,
1035 1624 1053 1652 “
1066 1614 1097 1677 iu

190 1701 209 1730 “
222 1691 355 1754 civitates
373 1694 496 1755 remitte.
522 1695 552 1750 id
577 1706 607 1754 et
627 1693 758 1768 privatim
781 1690 956 1766 parentibus,
977 1709 1098 1768 quorum

190 1772 379 1830 “maximum
403 1787 507 1826 nomen
531 1769 560 1822 in
585 1769 746 1824 civitatibus
769 1779 813 1826 est
835 1767 903 1836 suis,
927 1779 957 1828 et
979 1769 1096 1845 publice

189 1857 208 1888 “
222 1849 335 1924 populis
346 1858 460 1920 gratum
474 1842 535 1898 erit.
575 1841 646 1900 Vult
667 1841 720 1900 sibi
744 1843 864 1921 quisque
887 1845 974 1916 credi,
994 1855 1024 1904 et
1044 1845 1098 1904 ha·

188 1934 206 1964 ⁴⁶
220 1924 282 1988 bita
303 1921 375 1978 fidas
398 1921 492 1996 ipsam'
511 1917 679 1997 plerumque
700 1920 809 1997 obligat
828 1921 925 1980 iidem.
965 1923 1098 2002 Ministe-⁴

174 2009 207 2046 a
221 1999 296 2067 rium
314 1996 556 2056 restituendorum
576 1997 678 2056 domos
693 1999 825 2058 obsidum
845 1999 976 2061 mihimet
995 2001 1097 2080 depor-

189 2087 207 2121 “
221 2076 340 2152 cuipas,
355 2087 387 2134 ut
401 2075 488 2167 operti
509 2095 622 2156 quoque
641 2076 772 2154 impensa
793 2077 943 2138 consilium
962 2077 1109 2161 adjuvem„

189 2165 207 2202 <⁴
221 2171 328 2222 meum,
343 2164 372 2214 et
386 2172 436 2223 rer,
451 2155 554 2232 suapte
572 2157 675 2214 natura
690 2168 798 2231 gratae,
819 2166 955 2234 quantam
978 2155 1097 2232 insuper

119 2282 131 2306 ,
189 2231 342 2307 “gratiam
366 2233 481 2311 possim,
506 2231 666 2308 adjiciam,''
705 2233 835 2304 Homini,
859 2250 916 2290 non
939 2229 976 2288 nd
998 2241 1097 2310 cetera

188 2309 299 2370 Punica
321 2309 436 2386 ingenia
455 2307 568 2378 caliido,
593 2321 625 2370 ut
651 2311 801 2386 persuasit,
825 2322 911 2370 nocte
932 2309 1006 2370 clam
1029 2329 1096 2388 pro·

186 2405 302 2466 gressus
315 2387 352 2446 sd
366 2387 491 2447 nostium
505 2387 652 2454 eradonas,
666 2390 815 2448 conventis
835 2387 1005 2467 quibusdam
1024 2407 1099 2448 aux·

187 2465 314 2530 iiiaribus
338 2465 485 2542 Hispanis,
512 2475 542 2524 ct
565 2466 602 2524 ab
626 2463 660 2520 iis
682 2463 721 2520 ad
743 2463 906 2542 Scipionem
929 2463 1097 2546 perductus,

188 2545 256 2623 quid
277 2543 401 2614 afferret,
418 2542 568 2620 expromit.
609 2539 679 2598 Fide
701 2545 822 2619 accept
845 2543 980 2622 datique,
999 2562 1034 2604 ac
1053 2543 1099 2603 lot

188 2641 224 2684 co
237 2635 269 2682 et
281 2635 413 2703 tempore
424 2621 581 2682 constituto
605 2618 643 2676 ad
664 2619 780 2680 obsides
800 2621 964 2693 tradendos,
986 2621 1097 2700 Sagun-

188 2712 250 2766 tum
272 2701 368 2770 redit;
389 2702 466 2760 diem
487 2700 684 2774 insequentem
705 2697 865 2777 absumpsit
886 2719 953 2760 cum
975 2702 1098 2762 Bostare

187 2776 330 2842 mandatis
343 2778 381 2836 ad
399 2797 459 2838 rem
479 2776 620 2852 agendam
643 2775 824 2910 acciqiendis.
845 2775 985 2848 dimissus,
1007 2795 1098 2852 quum

190 2874 221 2916 se
240 2866 327 2914 noete
346 2855 462 2924 iturum,
482 2866 515 2912 ut
537 2853 682 2914 custodias
726 2852 830 2925 ostium
851 2851 969 2920 falleret,
990 2854 1098 2934 consti

188 2933 299 3002 ruisset,
318 2932 354 2990 ad
376 2931 564 3010 compositam
579 2952 646 2992 cum
668 2930 702 2988 iis
724 2928 823 2988 horam
847 2928 979 2988 excitatis
995 2941 1095 2992 custo·

188 3011 272 3072 dibus
286 3029 438 3089 puerorum
452 3011 606 3088 profectus,
620 3005 707 3069 veluti
725 3005 839 3084 ignarus
862 3006 891 3066 in
911 3018 1098 3090 praeparatas

159 3143 162 3150 .
189 3093 241 3155 sui
253 3088 354 3150 frauda
373 3089 489 3150 insidias
510 3090 599 3152 ducit.
637 3088 673 3146 In
691 3097 785 3146 castra
804 3085 935 3146 Romana
954 3083 1100 3165 perducti.

188 3179 285 3238 cetera
298 3167 395 3238 omnia
408 3169 445 3228 de
458 3167 611 3229 reddendis
622 3163 782 3235 obsidibus,
801 3164 875 3224 sicut
894 3183 961 3224 cum
975 3163 1100 3229 Bostare

189 3247 378 3316 constitutum
405 3257 475 3317 etat,
502 3259 569 3306 acts
595 3265 647 3325 per
672 3241 797 3304 eundem
818 3241 957 3314 ordinem,
984 3243 1099 3335 quusi

188 3325 472 3406 Karthaginiensium
485 3324 601 3384 nomine
616 3323 658 3382 sic
670 3335 812 3400 ageretur.
851 3319 949 3400 Major
968 3323 1095 3400 aliquaue

188 3412 219 3467 tu
233 3403 430 3468 Romanorum
443 3403 535 3483 grstia
547 3400 602 3458 fuit
621 3402 651 3459 in
673 3421 706 3460 re
726 3401 796 3480 pari,
818 3417 903 3480 quam
926 3414 1033 3480 quanta
1049 3391 1099 3462 fu·-

188 3487 253 3545 tura
266 3478 669 3568 Karthaginiensium-suerat.
687 3478 752 3554 illos
773 3479 860 3558 enim,
879 3498 979 3560 manea
997 3494 1100 3556 tapeta,
