2406 3932
137 215 193 296 aas
447 281 452 290 ,
489 213 523 272 r.
551 209 713 292 aivi-1-

135 387 204 450 pere
228 369 357 438 suadere,
380 380 414 426 ut
434 371 641 460 quamprimum
663 387 700 432 ea
722 367 892 437 minantum
919 370 1052 451 abnue,

136 448 159 504 si
181 447 220 504 ita
244 447 382 514 videatur,
404 467 439 505 ex
461 468 540 506 novis
558 449 737 525 praetoribus
758 467 951 510 successorem
975 448 1042 508 uin

136 536 208 584 tant.
248 525 416 600 Eademque
440 524 529 586 ferme
555 526 592 588 de
616 525 757 604 stipendio
779 525 979 604 frumentoque
1002 527 1041 583 ab

136 604 175 661 A.
188 602 323 662 Cornelio
338 599 499 666 Mammula
518 617 702 680 propraetore
723 622 759 660 ex
778 601 1040 680 Sardiniascripta.

136 677 318 756 Responsum
333 679 470 756 utrisque,
490 699 548 742 non
568 701 642 748 esse,
661 680 738 740 unde
759 681 938 741 mitteretur:
956 679 1040 758 jussi·

155 777 192 817 ue
205 757 258 847 ipsi
272 757 411 820 classibus
423 772 512 836 atque
536 759 708 818 exercitibus
728 757 786 818 suis
800 757 964 818 ,consulere
1005 757 1040 817 T.

136 775 286 902 drantius,
301 835 338 895 ad
353 835 467 896 unicum
480 837 640 898 subsidium
660 836 758 914 pepuli
783 835 916 906 Romani,
937 837 1042 898 Hieros

135 931 210 980 nem,
231 913 341 992 legatos
365 933 454 990 quum
476 913 607 982 misisset,
630 914 658 972 in
682 913 854 1046 sepiendium
876 915 975 990 quanti
995 932 1042 973 ars

54 1003 59 1011 “
132 991 214 1073 genti
238 1010 310 1069 opus
333 991 396 1060 fuit,
421 1004 450 1050 et
474 1010 525 1048 sex
546 991 685 1052 mensium
721 1005 895 1059 rumentum,
918 992 1041 1068 accepit.

135 1067 270 1128 Cornelio
293 1069 322 1128 in
348 1069 476 1127 Sardinia
499 1069 628 1129 civitates
651 1069 746 1128 sociae
770 1069 893 1146 henigne
909 1069 1041 1128 contule.-

135 1159 210 1208 runt.
256 1147 290 1202 Et
318 1147 428 1206 Itomae
454 1165 577 1223 qunque,
606 1160 721 1224 propter
748 1147 894 1224 penuriam
919 1145 1039 1280 arqeuti,

70 1253 73 1258 ·
136 1223 271 1282 triumviri
285 1224 417 1284 mensarii
430 1225 578 1300 rogatione
592 1223 637 1282 M.
654 1225 783 1290 Minucii,
807 1223 914 1284 tribuni
937 1223 1040 1303 pebin

135 1299 213 1364 faeti,
233 1301 268 1358 L.
295 1301 433 1361 Aemilius
453 1301 558 1379 Papus,
578 1303 626 1378 qui
646 1303 747 1362 consul
762 1321 920 1378 censusque
938 1302 1040 1370 fuerat,

36 1423 41 1431 .
137 1388 166 1436 et
180 1374 225 1436 M.
241 1378 347 1436 Atilius
363 1377 501 1454 Regulus,
522 1380 570 1456 qui
586 1379 629 1436 bis
639 1381 738 1439 consul
752 1379 855 1446 fuerat,
878 1392 907 1438 et
918 1379 953 1442 L·
966 1379 1042 1440 Scri·

136 1455 239 1514 bonius
252 1454 337 1526 Libo,
353 1457 399 1534 qui
414 1471 475 1518 tum
489 1458 619 1516 tribunus
632 1456 724 1534 plebis
737 1468 807 1516 erat.
848 1455 896 1524 Et,
910 1456 1042 1517 duumvi·

136 1533 159 1590 ri
173 1533 270 1602 creati,
294 1535 337 1592 Μ.
351 1549 380 1592 et
402 1535 435 1594 C.
459 1536 539 1596 Atilii
563 1535 664 1597 aedem
690 1533 877 1602 Concordiae,
897 1551 982 1612 quam
1004 1531 1040 1592 L.

136 1611 266 1690 Manlius
279 1625 393 1689 praetor
409 1624 532 1681 voverat,
554 1614 769 1672 dedicaverunt.
809 1611 848 1668 Et
872 1623 928 1670 tres
968 1609 1041 1668 onti-

135 1691 204 1751 fines
219 1691 316 1762 creati,
331 1693 367 1754 Q.
382 1693 523 1750 Caecilius
539 1691 686 1755 Metellus,
707 1703 737 1748 et
759 1691 795 1754 Q,
819 1688 924 1744 Fabius
983 1688 1043 1749 nti.

136 1786 210 1836 mue,
225 1779 254 1828 et
268 1772 304 1834 Q.
319 1769 433 1827 Fulvius
454 1767 582 1827 Flaccus,
603 1765 631 1820 in
655 1765 753 1820 locum
776 1763 809 1820 Ρ.
832 1763 970 1825 Scantinii
991 1765 1043 1824 de·

136 1847 249 1918 mortui,
264 1856 292 1902 et
307 1845 341 1900 L.
356 1843 471 1900 Aemilii
487 1840 578 1898 Paulli
589 1839 723 1917 consulis,
745 1850 775 1898 et
799 1841 838 1905 Q·
850 1841 928 1902 Aelii
949 1841 1041 1912 Paeti,

136 1922 183 2000 qui
197 1920 358 1977 ceciderant
373 1921 469 1995 pugna
483 1917 636 1978 Cannensi.

174 1997 272 2056 XXll.
312 1997 410 2059 Quum
426 2006 531 2064 cetera,
546 2015 619 2074 quae
640 1996 783 2058 continuis
803 1997 934 2056 cladibus
952 1997 1042 2057 fortu-

136 2094 174 2134 na
192 2075 342 2140 minuerat,
366 2088 505 2151 quantum
529 2075 653 2134 consiliis
677 2077 809 2136 humanis
826 2077 938 2153 assequi
959 2091 1042 2152 pote·

135 2162 208 2221 rant,
224 2151 324 2210 Patres
336 2153 521 2230 explessem
541 2154 658 2214 tandem
678 2174 709 2214 se
727 2173 841 2231 quoque
859 2166 888 2215 et
911 2154 1042 2211 solitudi-

135 2249 200 2299 nem
215 2231 321 2298 curiae,
338 2230 569 2308 paucitatemque
591 2231 821 2290 convenientium
842 2231 879 2289 ad
893 2230 1040 2304 publicum

136 2307 294 2376 consilium,
309 2319 505 2386 respexerunt.
525 2327 619 2384 neque
640 2307 716 2366 enim
740 2319 805 2383 prust
824 2305 860 2364 L.
885 2306 1041 2367 Aemilium

136 2397 166 2447 et
185 2386 219 2448 C.
241 2384 409 2444 Flaminium
430 2405 564 2444 censores
584 2385 700 2445 senatus
723 2385 815 2442 lectus
832 2385 934 2452 fuerat,
953 2405 1043 2462 quum

135 2476 247 2525 tantum
262 2477 424 2523 senatorum
439 2464 574 2534 adversae
597 2481 721 2540 pugnae,
741 2463 779 2524 ad
802 2463 858 2524 linc
879 2465 923 2522 sui
944 2481 1042 2538 quaro

135 2563 191 2623 que
205 2562 288 2603 casus
302 2563 352 2620 per
365 2543 599 2620 quinquennium,
612 2541 848 2618 absumpsissent.
888 2543 984 2606 Quum
1005 2537 1043 2600 de

136 2619 282 2683 eareat:
297 2621 471 2700 Pomponius
491 2630 613 2698 praetor,
638 2620 778 2680 dictatore
798 2617 1041 2697 possessorium

135 2697 272 2756 amissum
297 2699 426 2774 profecto
456 2703 515 2776 jam
550 2697 587 2758 ad
619 2697 787 2764 exercitum,
821 2697 1043 2773 exposcentibus

135 2773 255 2841 cunule,
270 2777 432 2845 retulissete
452 2789 513 2836 tum
529 2775 579 2852 Sp.
594 2775 741 2841 Carvilius,
763 2792 851 2850 quum
872 2773 959 2846 longit
978 2790 1042 2834 oren

136 2850 214 2921 tinne
228 2869 285 2910 non
300 2852 393 2908 solum
406 2851 540 2925 inopiam,
562 2853 613 2910 sed
625 2851 800 2924 paucitatem
820 2848 907 2906 etiam
927 2847 1042 2917 civium,

136 2927 269 3006 equibus
282 2927 310 2982 in
326 2927 426 2988 Patres
438 2927 610 3001 legerentur,
624 2935 798 3000 conquestus
818 2936 903 2994 esset,
924 2925 1043 3000 explen-

136 3007 166 3070 ui
188 3005 305 3064 senatuis
328 3007 425 3072 causa,
445 3016 475 3062 et
495 3001 635 3082 jungendi
658 3001 764 3060 arctius
788 3001 1041 3073 Latininominn,

157 3104 188 3142 ro
209 3079 313 3159 ma‘gna
332 3103 363 3142 re
386 3101 417 3140 se
439 3083 561 3144 suadem
583 3079 663 3150 dixit,
683 3092 715 3141 ut
736 3099 773 3138 ex
791 3079 908 3154 singulis
930 3080 1043 3156 populis

182 3163 304 3223 tinorum
319 3160 392 3220 binis
404 3161 594 3228 senatoribus,
608 3159 632 3216 si
653 3157 753 3220 Patres
773 3157 896 3219 Romani
915 3163 1043 3220 censuis-

136 3251 209 3310 sent,
230 3239 330 3300 civitas
348 3239 474 3308 darum.
498 3249 585 3315 atque
608 3236 637 3299 in
658 3236 872 3297 deumrtuorum
895 3236 991 3300 locum
1011 3237 1043 3294 in

137 3330 267 3378 senatum
281 3317 451 3392 legerentur.
492 3315 565 3378 Eam
580 3315 750 3379 sententiam
764 3313 843 3374 haud
860 3313 1041 3391 aequioribus

135 3391 246 3466 salinis,
266 3416 351 3474 quam
365 3397 490 3475 ipsorum
504 3395 649 3473 quondam
663 3393 839 3471 postulatum
859 3391 1038 3458 Latinorum

136 3470 236 3536 Patres
254 3476 425 3556 audieruut:
449 3485 489 3547 et,
507 3493 597 3554 quum
617 3468 747 3535 fremitus
770 3471 975 3548 indignantium
995 3477 1044 3541 tc·
