2386 3930
151 269 209 328 224
507 263 542 325 Ta
569 258 710 327 LIVII
797 211 804 220 Χ

149 433 169 464 “
189 419 313 503 primuni
334 423 403 488 fiat:
434 422 576 500 quoniam,
598 424 735 502 quicquid
754 431 860 502 postea-
877 417 1008 499 rinimus,
1035 427 1067 486 id

134 511 168 559 .“
188 521 273 562 omne
289 503 460 562 destinatum
475 501 648 578 ignominiae
662 501 735 560 est.’'

189 581 256 640 Vll.
297 582 359 639 Suu
383 580 455 638 haee
470 580 556 650 dicta,
572 581 610 638 ad
630 600 725 658 genua
743 581 876 640 Marcelli
897 584 1066 659 procubue-

147 670 224 717 runt.
263 657 421 717 Marcellus
442 657 471 716 id
492 677 546 717 nec
564 660 715 735 juris,nec
734 661 885 736 potestatis
904 679 1067 729 anteesse

147 736 240 794 dixit:
269 737 381 794 senatui
409 737 581 815 scripturum
608 741 648 808 s'e,
674 738 825 815 omniaque
853 739 890 798 de
917 739 1065 797 sententia

65 851 70 856 -
147 814 266 870 Petrum
286 815 431 874 facturum
445 833 518 874 esse.
558 815 625 874 Hae
647 816 747 874 literae
767 817 806 874 ad
825 835 914 875 nonos
928 817 1065 876 consules

145 891 259 961 allatae,
279 909 314 950 ac
338 912 453 972 percos
473 895 502 952 in
521 905 622 952 senatu
643 893 780 952 recitatae
794 907 879 972 sunt:
900 895 1063 954 consultus·

145 970 262 1050 quade
286 970 332 1028 his
355 971 444 1030 literis
465 973 506 1031 ita
526 971 653 1031 decrevit
676 983 810 1030 senatus:
839 973 989 1042 Militibus,
1012 975 1064 1050 qui

72 1058 76 1068 '
145 1047 185 1104 ad
201 1049 325 1108 ‘Cannas
348 1050 556 1128 commilitones
577 1067 644 1108 suos
671 1061 833 1127 pugnantes
856 1051 1061 1121 deseruissent,

120 1137 125 1145 '
146 1139 279 1186 senatum
302 1126 371 1184 nihil
399 1127 504 1196 videre,
527 1147 578 1186 cnr
603 1129 767 1206 respublica
788 1129 994 1188 committenda
1013 1134 1063 1188 sit'.

146 1204 178 1263 si
203 1204 247 1272 M.
263 1205 564 1282 Claudioproconsuli
588 1205 672 1265 aliter
690 1207 841 1277 videretur,
855 1206 965 1266 faceret
983 1207 1063 1284 quod

80 1280 87 1292 '
144 1301 162 1340 e
185 1281 331 1357 republica
353 1282 466 1358 fideque
489 1301 541 1340 sua
561 1283 698 1351 ducaret3
728 1285 798 1342 dum
821 1305 858 1344 ne
879 1286 942 1364 quis
961 1297 1062 1344 eorum

143 1375 261 1414 munere
275 1370 397 1425 vacaret,
420 1375 478 1414 neu
499 1361 575 1415 dono
596 1361 710 1416 militari
723 1362 834 1418 virtutis
854 1365 924 1438 ergo
938 1363 1062 1422 donare·

143 1433 199 1503 tiu,
214 1453 270 1492 neu
294 1434 324 1492 in
348 1433 461 1494 Italiam
482 1447 684 1513 reportaretur,
698 1436 792 1494 donee
815 1439 906 1499 hostis
930 1441 959 1495 in
983 1453 1062 1498 terra

144 1511 229 1570 ltalia
248 1525 334 1572 esset.
375 1514 503 1574 Comitia¹
519 1513 664 1573 deinde‘a
687 1509 816 1594 praetore
829 1516 940 1574 urbano
953 1517 991 1575 de
1012 1533 1059 1576 se-

144 1593 230 1649 natus
254 1589 407 1662 sententia,
431 1593 581 1672 plebisque
605 1593 704 1664 scitu,
718 1605 784 1651 sunt
807 1593 924 1651 habita:
953 1587 1059 1672 quibus

144 1670 234 1728 creati
254 1681 323 1728 sunt
337 1671 512 1749 quinqueviri
531 1672 619 1730 muris
634 1671 818 1748 turribusque
831 1672 1008 1730 reficiendis:
1029 1683 1060 1732 et

144 1747 282 1807 triumviri
305 1750 388 1816 bini;
417 1750 466 1806 uni
488 1749 575 1808 sacris
597 1751 806 1828 conquirendis,
830 1749 969 1826 donisque
992 1769 1057 1827 per·

144 1825 309 1902 signandis3
330 1827 411 1884 alteri
431 1826 590 1883 reficiendis
610 1828 730 1886 aedibus
752 1827 895 1885 Fortunae
909 1839 938 1886 et
959 1830 1058 1887 matris

122 1935 126 1940 ·
144 1904 280 1962 Matutae
291 1903 377 1960 'intra‘
396 1913 508 1979 portam
524 1902 745 1976 Carmentalem,
759 1907 811 1963 sed
831 1918 861 1963 et
887 1905 953 1984 Spei
975 1917 1058 1966 extra

181 1993 263 2048 rtem,
278 1997 353 2056 quae
372 1980 464 2056 priore
485 1999 561 2038 anno
584 1980 719 2041 incendio
733 1997 921 2061 consumptae
934 1985 1056 2043 fuerant:

171 2067 344 2134 empestates
366 2057 469 2116 foedae
489 2058 577 2118 fuere.
609 2061 654 2118 ln
679 2062 793 2120 Albano
817 2063 1057 2121 montanianum

142 2135 325 2194 continenter
343 2135 486 2215 lapidibus
500 2138 582 2216 pluit.
603 2148 681 2198 tacta
695 2140 732 2198 de
746 2141 827 2198 coelo
842 2142 954 2212 multa:
981 2141 1057 2200 duae

141 2214 170 2272 in
184 2212 327 2290 Capitolio
341 2216 447 2282 aedes·;
467 2217 572 2274 vallum
594 2218 622 2275 in
645 2219 744 2276 castris
764 2218 861 2274 multis
877 2219 947 2276 locis
969 2237 1057 2294 supra

143 2291 332 2360 Suessulam
352 2309 381 2352 et
402 2293 460 2351 duo
474 2295 573 2369 vigiles
593 2296 755 2354 exanimati.
776 2311 882 2361 murus,
904 2309 1056 2373 turresque

161 2369 283 2427 uaedam
304 2371 403 2431 Cumis
422 2389 480 2428 non
502 2373 577 2431 ictae
598 2373 683 2430 modo
704 2371 880 2440 fulminibus,
894 2373 946 2431 sed
966 2373 1054 2431 etiam

142 2391 289 2508 accusate.
331 2449 424 2508 Reate
444 2467 545 2508 saxum
566 2451 666 2528 ingens
679 2451 771 2508 visum
785 2449 924 2508 volitare:
943 2450 984 2508 sol
1005 2470 1053 2510 rn-

142 2530 211 2587 bere
235 2527 318 2586 solito
342 2527 442 2606 magis,
466 2528 680 2607 sanguineoque
702 2527 809 2586 similis.
850 2529 963 2586 Horum
986 2548 1052 2606 pro·

99 2639 104 2656 ·
141 2606 283 2682 digiorum
304 2608 391 2667 causir
408 2607 486 2668 diem
510 2625 596 2666 unum
621 2607 791 2686 supplicatio
811 2608 874 2676 init,
889 2619 918 2669 et
938 2626 988 2685 per
1001 2607 1054 2665 ali·

141 2694 211 2758 quot
232 2685 294 2742 dias
318 2685 450 2744 consulas
471 2687 558 2745 rebus
578 2686 679 2745 divinis
699 2703 816 2764 operam
836 2686 996 2746 dederunt:
1023 2699 1053 2746 et

140 2777 192 2836 per
211 2761 330 2819 eosdem
350 2765 411 2822 dies
435 2783 548 2824 sacrum
571 2765 739 2824 novendiale
765 2764 827 2821 fuit.
878 2763 1054 2830 QuumTa-

140 2835 315 2894 rentinorum
339 2841 463 2898 defectio
483 2845 543 2918 jam
558 2843 608 2900 diu
621 2855 651 2900 et
664 2843 693 2898 in
714 2860 764 2917 spe
785 2841 951 2907 Hannibali,
973 2852 1002 2898 et
1024 2843 1054 2900 in

141 2911 302 2990 suspicione
324 2916 471 2982 Romanis,
486 2930 571 2986 esset,
587 2935 674 2974 causa
696 2915 769 2974 forte
792 2917 970 2974 extrinsecus
991 2938 1053 2980 ma-

141 2989 279 3052 turandae
297 2994 360 3068 ejus
380 2992 540 3050 intervenit.
580 2993 696 3050 Phileas
716 2993 969 3068 Tareniinus,‚diu
990 2999 1052 3073 jam

140 3089 192 3150 per
211 3069 334 3146 speciem
355 3067 505 3146 legationis
527 3070 637 3128 Rornae
657 3089 745 3148 quum
766 3081 850 3141 esset,
871 3072 914 3130 vir
933 3074 1052 3152 inquieti

140 3149 235 3218 animi,
257 3160 287 3207 et
307 3147 422 3206 minime
444 3149 545 3219 otium,
560 3169 616 3228 quo
638 3161 700 3208 turn
713 3149 824 3210 diutino
847 3167 999 3212 senescere
1011 3156 1052 3211 vi-

140 3229 271 3296 debatur,
295 3226 439 3304 patientis,
463 3228 574 3286 aditum
595 3229 648 3287 sibi
676 3229 713 3286 ad
740 3227 854 3287 obsides
878 3229 1050 3308 Tarentinos

140 3306 257 3364 invenit.
292 3305 541 3365 'Custodiebantur
561 3307 589 3364 in
610 3307 682 3365 atrio
702 3306 857 3379 Libertatis
872 3308 980 3368 minore
1000 3329 1049 3380 cu·

139 3385 181 3448 ra,
196 3384 263 3460 quia
282 3401 341 3442 nec·
357 3385 433 3464 ipsis,
454 3403 510 3444 neu
529 3383 635 3444 civitati
659 3403 767 3456 eorum,
781 3384 878 3443 fallere
904 3385 1048 3446 Romanos

140 3461 324 3530 expediebat.
377 3461 450 3534 Hos,
479 3464 585 3523 crebris
611 3463 759 3542 colloquiis
784 3464 959 3535 sollicitatos,
987 3481 1048 3522 cor·

139 3535 230 3606 ruptis
257 3542 380 3604 aedituis
400 3544 522 3616 duobur,
544 3562 630 3622 quum
654 3542 751 3621 primis
772 3543 897 3602 tenebris
918 3541 1048 3603 custodie
