2534 4010
198 202 237 260 re
304 278 307 284 Ι
550 207 770 270 un1r11¹

238 353 320 414 Ltv.
360 357 454 418 Esar
467 360 497 418 in
516 363 613 422 medio
627 365 712 435 rivus,
736 367 870 444 proealtis
882 367 1018 446 utrmque
1025 369 1108 430 einu-

196 452 249 490 sus
260 433 337 509 ripis,
359 448 388 494 et
401 436 478 496 circa
490 441 602 500 obsitus
625 445 800 520 palustribus
814 445 918 513 herbis,
943 458 983 516 et,
1005 449 1109 524 quibus

196 509 309 568 inculta
332 511 425 572 ferme
447 518 616 589 vestiuntur,
640 522 771 600 virgultis
796 524 994 602 vepribusque.
1022 545 1110 601 quem

132 645 135 650 ,
199 588 249 646 ubi
273 589 310 646 ad
331 592 440 667 equites
453 615 567 674 quoque
577 603 718 675 tegendos
731 602 799 661 satis
811 603 986 661 latebrosum
999 601 1109 669 locum,

196 665 406 727 rituumvectus
419 669 490 748 ipse,
504 675 595 732 oculis
608 678 808 754 perlustravit;
831 690 849 718 ‘⁶
864 682 924 740 Hie
934 681 987 739 erit
998 679 1109 748 loous,”

183 743 322 820 Magoni
333 746 413 807 sutri
427 749 475 818 ait,
498 761 516 789 ‘⁸
531 773 617 830 quem
630 768 739 816 teneas.
778 758 884 836 Delige
905 769 1043 818 centenos
1067 758 1107 815 vi·

199 831 218 857 “
231 841 278 880 ros
291 843 329 881 ex
339 827 420 884 omni
434 828 530 904 pedite
540 842 628 910 atque
647 835 761 911 equite;
783 855 851 894 cum
875 838 979 915 quibus
1001 837 1041 895 ad
1060 855 1107 894 mo

199 908 218 935 ⁴⁶
233 900 328 978 vigilia
352 905 444 980 prima
467 909 572 968 venias.
614 911 699 970 Nunc
722 932 844 991 corpora
870 935 972 975 curare
995 929 1108 992 tempus

151 1025 153 1029 ,
198 987 216 1014 “
230 979 299 1036 est.'’
340 981 386 1040 lta
419 987 590 1062 praetorium
624 989 752 1062 missum,
785 1011 855 1050 mox
888 1012 954 1050 oum
988 994 1109 1052 delectis

99 1076 103 1084 =
197 1053 288 1134 Mago
331 1059 439 1140 aderat.
500 1065 663 1125 “Robora
691 1069 825 1140 virorum,
859 1069 972 1138 oeruo,”
1014 1071 1108 1146 iuquit

197 1133 355 1206 Hannibal,
371 1148 389 1175 ‘⁴
402 1140 465 1209 sed,
482 1152 515 1199 ut
538 1153 568 1200 et
591 1163 711 1204 numero
733 1147 830 1218 eti'am,
843 1169 901 1208 non
925 1147 1026 1206 animis
1045 1167 1107 1205 rno-

197 1222 216 1248 “
229 1213 277 1280 do,
300 1214 425 1285 valeatis,
448 1217 566 1294 singuiis
589 1224 671 1282 vobis
692 1245 819 1284 novenos
842 1246 879 1285 ex
902 1227 1003 1288 turmis
1016 1226 1108 1284 mani·

196 1298 215 1324 “
228 1289 703 1378 pulbqaevestrisimileseligitet
735 1305 826 1380 Mago
847 1306 944 1364 locum
967 1315 1108 1364 monstra-

196 1366 277 1434 obit,
306 1387 391 1444 quem
418 1372 574 1434 insideatis.
613 1380 739 1438 Hostem
760 1400 880 1440 caecum
907 1386 945 1440 ad
965 1383 1018 1442 has
1038 1383 1108 1442 belli

196 1453 304 1502 “artes
332 1447 501 1509 habebitis.''
540 1455 587 1514 lta
607 1457 684 1516 mille
705 1459 847 1536 equitibus
871 1460 1003 1535 Magoni,
1028 1461 1106 1518 mille

193 1521 340 1598 peditibus
353 1526 484 1598 dimissis,
501 1533 649 1594 Hannibal
669 1537 761 1614 prima
780 1538 846 1597 luce
869 1537 1010 1596 Numidas
1024 1540 1105 1616 equi-

195 1613 248 1667 tea,
262 1613 454 1682 transgressos
469 1609 604 1671 Trebiam
618 1615 735 1684 flumen,
750 1617 918 1694 obequitare
934 1618 1020 1694 jubet
1038 1615 1105 1675 hos·-

192 1677 267 1737 tium
281 1683 378 1758 portis,
398 1689 610 1765 jaculandoque
631 1694 661 1748 in
685 1695 823 1750 stationes
847 1695 951 1750 elicere
971 1694 1010 1751 ad
1032 1710 1105 1772 pug-

167 1813 168 1816 ,
187 1775 261 1816 ⁴ruam
274 1760 387 1822 hostem
398 1788 407 1830 ;
419 1766 525 1838 injecto
539 1766 643 1821 deinde
657 1768 822 1832 cunemine.
847 1769 978 1826 cedendo
997 1773 1104 1828 sensim

92 1871 101 1888 t
191 1836 264 1894 eitra
278 1839 383 1894 flumen
407 1839 580 1912 pertrahere.
622 1841 706 1898 Haec
729 1844 866 1902 mandata
890 1844 1032 1904 Numidis.
1055 1866 1104 1906 ee-

190 1913 259 1968 teris
272 1912 395 1969 ducibus
406 1913 533 1988 peditum
548 1917 733 1996 equitumque
746 1935 942 2002 praeceptum,
963 1935 996 1983 ut
1020 1944 1104 2001 prau-

189 1987 266 2045 dere
287 2007 386 2046 ornnes
407 1991 558 2066 juberent3
583 2009 709 2058 armatos
734 1999 847 2070 deinde,
871 2003 1055 2080 instratisque
1074 2024 1103 2062 e·

211 2065 265 2132 uis,
298 2065 410 2142 signum
438 2086 616 2149 exspectare.
663 2077 850 2157 Sempronius
884 2081 921 2140 ad
947 2081 1102 2140 tumultum

220 2142 383 2203 umidarum
397 2148 521 2224 primdm
536 2169 650 2212 omnem
665 2158 832 2233 equitatum,
858 2159 939 2215 ferox
962 2177 997 2216 ea
1020 2172 1102 2233 parte

183 2219 300 2290 *virium
315 2224 420 2284 deinde
433 2248 485 2286 sex
509 2231 596 2288 millia
615 2233 753 2307 peditum,
775 2249 919 2312 postremo
939 2254 1039 2292 omnes
1052 2254 1099 2293 eo·

186 2297 251 2374 pias
264 2302 301 2357 ad
315 2302 489 2362 destinatum
510 2309 570 2383 jam
584 2319 653 2366 ante
666 2312 794 2381 oonsilio,
814 2313 913 2370 avidus
927 2312 1101 2381 certaminis,

185 2375 298 2436 eduxit.
339 2379 409 2438 Erat
430 2383 505 2442 forte
526 2387 646 2445 brumae
669 2400 792 2466 tempus,
815 2403 846 2449 et
869 2390 969 2449 nivalis
990 2391 1052 2450 dies
1071 2392 1101 2450 ia

189 2455 260 2515 locis
284 2457 409 2536 ,Alpibus
443 2465 656 2543 Apenninoque
689 2468 855 2546 interjectis,
888 2469 1114 2546 propinquitate
1218 2431 1219 2462 r

189 2535 276 2594 otiam
287 2537 436 2596 fluminum
448 2557 482 2599 ac
496 2541 643 2619 paludium
656 2547 837 2624 praegelidis.
860 2547 897 2605 ad
911 2547 977 2617 hoo,
997 2547 1101 2623 raptim

189 2613 301 2672 eductis
325 2617 489 2678 homiuibus
517 2632 603 2700 atque
626 2625 715 2702 equis,
739 2645 797 2685 non
821 2639 907 2704 capto
931 2639 999 2686 ante
1023 2627 1099 2696 cibo,

189 2705 245 2744 noo
261 2709 316 2766 ope
334 2695 393 2753 uus
406 2699 443 2755 ad
458 2701 613 2759 arcendum
635 2703 725 2779 frigus
739 2706 878 2772 adhibita,
903 2705 973 2762 nilril
997 2704 1100 2762 caloris

187 2764 299 2824 inerat:
332 2783 372 2836 et,
400 2776 534 2850 quicquid
554 2798 643 2836 aurae
669 2783 793 2838 fluminis
820 2781 1098 2856 appmpinquabant‚

186 2839 303 2901 afflabat
317 2848 408 2904 aerior
427 2850 537 2925 frigoris
551 2855 601 2910 vis.
643 2855 684 2911 Ut
698 2875 774 2923 vero,
798 2857 973 2930 refugientes
998 2855 1098 2913 Numi·

187 2919 240 2976 das
253 2920 444 3000 insequentes,
467 2945 571 3004 aquam
594 2931 712 3006 ingressi
734 2943 810 3001 sunt,
835 2935 876 3010 (et
898 2943 961 2991 erat
975 2935 1098 3011 pecturi-

187 3000 242 3056 bus
256 3009 349 3069 tenus,
371 3014 456 3062 aucta
477 3017 617 3065 nocturno
638 3008 734 3085 imbri)
762 3020 824 3068 tum
851 3011 949 3088 utique
975 3014 1098 3088 egressis

186 3077 279 3154 rigere
299 3080 433 3140 omnibus
457 3103 585 3162 corpure,
621 3099 653 3146 ut
675 3087 722 3144 vix
742 3107 885 3148 armorum
906 3090 1097 3150 tenendorum

185 3157 317 3232 potentia
330 3173 435 3229 essent,
455 3173 486 3220 et
503 3164 588 3223 simul
601 3165 777 3238 lassitudine,
792 3181 830 3238 et,
845 3168 1020 3248 procedente
1038 3173 1097 3248 jam

186 3234 245 3303 die,
258 3235 336 3296 fante
350 3238 436 3297 etiam
448 3241 580 3302 delicere.

226 3313 291 3374 LV.
329 3315 545 3378 Htuurstnrs
559 3323 672 3382 interim
692 3325 783 3394 miles,
806 3325 922 3402 ignibus
943 3339 1014 3386 ante
1034 3341 1095 3384 tsn-

171 3392 264 3450 ,oria
277 3394 368 3466 laetis,
393 3397 515 3478 oleoque
539 3421 590 3479 per
613 3403 783 3482 manipulos,
806 3416 840 3462 ut
852 3397 995 3464 mollirent
1008 3408 1094 3472 amris,

189 3466 285 3544 misso,
300 3485 329 3536 et
343 3474 408 3536 cibo
421 3478 575 3558 petatium
590 3493 685 3560 captu,
705 3484 755 3558 ubi
776 3489 975 3562 uuusgmaos'
989 3483 1095 3546 flumen
