2534 4010
207 189 244 248 12
557 183 592 244 Τ.
622 183 761 244 L1v11

206 351 225 382 “
239 344 276 401 ab
292 338 429 403 Romanis
444 338 586 416 speristis,
601 338 679 416 pacis
694 355 818 415 unquam
838 337 916 415 opud
930 357 981 398 vos
994 340 1115 402 mentio·

204 429 225 460 “
238 438 304 480 nem
318 408 579 506 feci-l-Postquaur
593 437 647 477 nec
661 418 698 479 ab
714 415 853 480 Romanis
872 415 954 476 vobis
970 418 1029 478 ulla
1049 435 1116 496 sper

205 510 226 540 ⁴⁶
239 509 293 564 sss,
307 514 361 554 nec
375 505 467 555 vestra
478 497 539 571 jam
549 505 602 558 sut
614 513 695 556 nrnra
707 514 766 565 vos,
781 506 830 556 eut
845 494 967 563 moenis,
982 497 1050 554 satis
1064 497 1115 556 dc·

206 586 225 630 ‚⁶⁴
238 573 369 643 feudum,
384 590 485 650 pacem
495 572 585 632 offero
599 574 701 634 advos
715 573 804 650 magis
818 573 1017 640 necessariam,
1028 591 1115 649 quam

207 664 225 696 ‘⁶
239 670 370 730 nsquam.
383 653 465 728 cujus
478 651 520 734 iga
532 651 625 729 aliqua
638 671 705 730 spes
718 663 771 722 est,
791 652 815 710 si
833 671 908 718 eum,
930 651 1116 728 quemadmo-

204 741 224 778 t‘
238 731 307 790 dum
321 740 354 788 ut
367 729 457 790 viror
469 729 524 790 fert
535 729 692 798 Hannibal,
714 729 755 790 sic
774 749 826 788 vos
846 743 877 790 ut
892 730 960 790 victi
973 729 1115 790 audiatis:

206 819 224 850 ‘⁴
239 809 262 867 si
276 828 334 868 non
348 807 386 877 id,
401 807 639 886 qundnmittitur,
654 811 682 868 in
696 807 811 878 damno,
833 829 921 886 quum
941 807 1038 868 omnis
1056 807 1116 868 vic·

205 896 225 926 ‘¹
240 886 387 956 tonsu-int,
402 887 611 965 sedrquicquid
625 884 800 964 relinquitur,
821 907 874 966 pro
895 907 1015 947 munere
1034 886 1115 946 lrnbi·
1192 913 1195 918 ·

204 975 225 1020 ‘f
239 965 294 1026 turi
308 965 385 1026 estis.
426 966 536 1026 Urbem
550 964 639 1034 vobis,
657 984 753 1042 qusnr,
775 983 812 1022 ex
831 981 936 1040 mugra
953 969 1014 1042 jum
1034 977 1115 1041 purte

99 1075 103 1078 ·
206 1053 224 1084 “
238 1040 373 1112 dirutam,
382 1057 497 1120 coptum
508 1041 567 1101 fero
577 1053 669 1104 totam
683 1043 782 1113 habet,
797 1042 913 1111 arimin
933 1061 1017 1120 agros
1030 1042 1116 1101 celin·

206 1131 225 1168 ‘⁶
238 1124 309 1200 quit,
324 1123 420 1182 locum
434 1120 637 1196 assignaturus.
651 1121 682 1182 in
696 1141 752 1199 quo
767 1142 872 1186 novum
886 1121 1023 1200 oppidum
1037 1119 1116 1179 sedi-

140 1195 146 1204 ’
205 1211 224 1242 “
237 1201 351 1260 ficetis:
382 1216 485 1257 nurum
506 1210 713 1279 argentumque
735 1220 830 1270 omne,
852 1201 1000 1278 publicum
1022 1199 1116 1277 priva·

205 1289 226 1322 ¹‘
239 1291 367 1354 tumque,
382 1276 421 1334 ad
433 1295 464 1334 se
482 1278 566 1352 jubet
579 1277 701 1340 deferri:
721 1283 876 1357 conjugum
890 1289 1040 1356 vestraque
1054 1297 1116 1336 cor·

206 1365 224 1394 “
239 1374 308 1432 pora
322 1374 358 1413 nc
375 1354 529 1418 liberorum
543 1369 701 1418 vestrorum
727 1369 820 1416 servat
842 1357 986 1428 inviolata,
1006 1357 1028 1416 si
1043 1357 1115 1430 iner·

204 1443 226 1480 ἐ*
237 1453 298 1492 mes
318 1451 384 1491 cum
405 1432 482 1493 binis
499 1436 674 1496 vestimentis
698 1435 790 1496 uelitis
812 1437 850 1494 ab
876 1436 1004 1511 Sagunto
1028 1435 1117 1493 exire.

203 1522 223 1552 “
238 1512 322 1570 Haec
335 1511 425 1570 victor
439 1511 666 1592 hostisinrperst.
707 1515 801 1584 Hneu,
813 1531 975 1650 quanquum
987 1511 1043 1570 sint
1050 1531 1117 1586 gra·

203 1601 224 1641 ‘t
236 1590 282 1648 vis
294 1601 381 1668 atque
394 1592 508 1661 mbo,
522 1592 636 1652 fortuna
647 1606 740 1654 vestra
750 1594 892 1653 vobissuu
913 1604 953 1652 et.
973 1589 1117 1668 Equidem
1206 1650 1207 1662 ,

168 1705 171 1712 ,
204 1679 222 1708 “
235 1669 314 1730 haud
327 1669 457 1748 despero,
472 1691 560 1748 quum
574 1673 702 1730 omnium
716 1682 843 1747 potestas
855 1672 883 1728 ei
901 1670 978 1728 fucta
998 1671 1043 1735 sit,
1066 1667 1117 1726 nli·
1182 1683 1207 1746 J

203 1749 412 1826 “quidexhis
426 1750 511 1806 rebus
524 1748 718 1804 remissurum.
760 1746 875 1802 Setlvel
895 1745 968 1804 haec
982 1745 1148 1821 patienda·
1206 1749 1207 1756 ’

206 1836 225 1868 “
238 1846 344 1886 censeo
358 1825 462 1900 potins,
477 1840 563 1898 quam
580 1823 964 1900 trucidaricorpornvestru·
985 1822 1045 1898 rapi
1059 1834 1118 1880 tra·
1199 1853 1202 1872 ·

195 1914 222 1950 ³⁴
236 1903 323 1979 lrique
343 1912 411 1959 ante
431 1917 481 1959 orn
500 1911 598 1958 vestra
617 1903 757 1978 conjuges
776 1919 812 1960 sc
830 1899 935 1960 liberos
955 1899 1024 1958 belli
1040 1902 1115 1977 juro,

206 1989 224 2018 “
239 1977 365 2038 sinatis.''

191 2055 207 2104 '.
243 2055 326 2113 XIV.
347 2059 398 2114 An
413 2055 486 2115 haec
499 2056 652 2128 audienda,
666 2078 764 2135 quum,
786 2057 958 2118 circumfusi
977 2057 1115 2134 paulatim
1204 2121 1205 2124 Ἴ

202 2133 396 2203 multitudine,
411 2135 584 2212 permixtum
599 2136 712 2194 senatui
732 2149 808 2195 esset
827 2137 928 2214 populi
946 2136 1116 2202 concilium
1203 2205 1204 2214 χ

203 2225 322 2292 repente
343 2213 490 2290 primores,
515 2213 676 2274 secessione
699 2213 787 2283 facti,
811 2215 976 2294 priusquam
998 2234 1116 2292 respon·
1203 2235 1204 2244 ¹

204 2309 267 2350 sum
280 2292 419 2360 ¹duretur,
445 2303 596 2366 argentum
623 2311 781 2370 aurumque
807 2313 901 2361 omine,
936 2313 974 2353 ex
1000 2293 1116 2370 publico
1202 2347 1203 2357 ,

202 2370 370 2447 priratoque
384 2369 420 2427 in
443 2369 537 2430 forum
559 2370 706 2439 collatum,
730 2374 768 2430 in·
781 2371 880 2449 ignem
899 2373 937 2431 ad
959 2373 990 2430 id
1013 2372 1116 2450 raptirn
1201 2443 1202 2454 ἵ

203 2449 313 2508 fuourm
332 2447 527 2526 conjicientes,
546 2449 652 2529 eodem
672 2450 799 2529 plerique
820 2463 911 2510 semet
932 2452 985 2528 ipsi
1008 2451 1116 2528 praeci·

202 2529 375 2606 pituverunt.
434 2528 532 2593 Quum
560 2547 596 2587 ex
621 2548 656 2587 eo
678 2547 765 2608 pavor
791 2549 826 2590 ac
849 2530 1004 2609 trepidatio
1022 2540 1116 2587 totam
1200 2533 1201 2553 ¹

140 2629 149 2647 ³
201 2609 304 2670 'urbem
326 2607 505 2686 pervasisoet,
529 2607 602 2668 nhlrs
624 2607 741 2688 insuper
756 2610 903 2668 tumultus
922 2627 960 2668 ex
979 2625 1045 2666 arce
1065 2626 1115 2666 nn-

203 2684 289 2744 ditur,
329 2687 427 2746 Turris
449 2687 497 2746 dlu
522 2700 655 2766 quassata
675 2689 854 2766 prociderat:
880 2707 987 2774 perque
1004 2685 1118 2742 ruinam
1198 2745 1199 2749 ,

203 2763 265 2838 ejus
285 2760 389 2820 cohors
409 2763 572 2822 Poenorum
592 2767 703 2838 impetu
721 2766 800 2821 facto
820 2783 909 2838 quum
931 2779 1043 2836 signum
1064 2762 1117 2817 im·
1192 2797 1198 2832 χ

202 2838 328 2916 peratori
348 2839 484 2907 dedisset,
504 2841 642 2898 nudatam
662 2838 835 2896 stationibus
857 2838 1051 2913 custodiisque
1071 2856 1118 2896 so·
1197 2835 1198 2847 ¹

203 2915 265 2978 litis.
281 2916 408 2976 hostium
426 2935 490 2974 esse
510 2918 630 2984 urbem;
650 2935 708 2974 non
729 2915 924 2982 cunctandum
944 2915 973 2972 in
995 2914 1045 2972 tali
1068 2934 1117 2974 oc·
1196 2919 1197 2945 ¹

203 2994 320 3056 unsione
341 3005 428 3063 rouro,
452 2993 609 3063 Hannibal,
633 2993 702 3053 totis
716 2994 832 3053 ‚viribus
852 3013 984 3071 agressus
1005 2993 1116 3062 urbem,
1181 3017 1196 3074 y

204 3085 351 3134 momento
373 3073 459 3150 oepit,
482 3072 565 3149 signo
589 3072 667 3143 dato,
692 3084 725 3131 ut
745 3092 845 3133 omnes
865 3074 990 3152 puberes
1011 3072 1116 3131 interfi-
1194 3115 1195 3139 ,

203 3164 346 3210 necentur.
373 3151 449 3230 quod
475 3151 627 3228 imperium
651 3151 775 3222 crudele,
800 3165 929 3212 ceterum
954 3170 1044 3230 prope
1065 3171 1116 3210 ne·

172 3297 176 3306 Ι
206 3229 371 3298 cessarium,
395 3230 542 3307 cognitum
562 3231 626 3308 ipso
650 3242 755 3290 eventu
775 3244 829 3290 est.
870 3231 925 3290 Cui
945 3232 1021 3295 enim
1038 3231 1115 3308 porci

205 3310 300 3388 potuit
312 3327 351 3368 ex
364 3309 408 3379 iis,
422 3309 470 3387 qui
490 3321 541 3367 aut
560 3309 660 3367 inclusi
682 3329 749 3369 cum
772 3310 942 3387 conjugibus
966 3329 1001 3369 nc
1020 3308 1116 3368 liberis

205 3389 309 3448 <lomus
323 3407 408 3467 super
421 3388 530 3466 seipsos
545 3402 807 3458 concremaverunt,
821 3400 872 3448 aut
885 3391 987 3450 armati
1006 3387 1116 3449 nullum

206 3477 275 3527 sote
287 3468 377 3528 linens
389 3486 512 3546 pugnae,
524 3485 610 3546 quom
623 3469 787 3544 morientes,
799 3467 953 3562 fenerupt?
