2406 3932
150 183 205 239 186
445 231 449 238 .
503 175 539 237 Τ.
569 175 704 238 stu

148 331 300 399 difficilem,
327 329 596 409 abscedendumque
622 330 699 400 inde,
723 330 869 399 censebas,
897 350 986 410 quum
1012 351 1059 394 res

147 413 270 487 majores
290 409 439 468 instarem.
492 409 659 479 Marcellus,
684 409 775 468 mulce
797 409 908 485 magnis
931 411 1057 473 ducibus

148 488 222 548 sicut
244 506 302 546 non
329 487 529 564 aggredienda,
549 487 590 548 ita
613 487 712 548 semel»
725 487 863 564 aggressis
884 506 943 546 non
962 489 1060 548 dimit·

148 567 237 626 tenda
263 585 335 634 esse,
362 565 493 635 dicendo,
521 566 588 642 quia
610 583 715 657 magua
741 565 834 656 furuae
856 577 1004 656 momenta
1027 569 1059 658 in

148 644 850 798 dilususisdldffilussslils‘sl
866 645 1057 780 ludus

147 818 274 876 numque
297 817 403 875 genera
423 818 512 876 quum
533 799 768 868 admoverentur,¹
786 799 982 877 Campanique
1002 799 1059 858 Fa·

147 879 225 937 bium
247 888 362 936 orarent
382 890 414 935 ut
437 877 517 936 abire
537 878 666 955 Capuam
689 887 753 936 tutu
773 877 889 944 licerets
908 877 1008 954 paucis
1028 897 1058 936 e·

147 955 260 1032 gressis,
286 955 444 1014 Marcellus
465 965 586 1032 portam,
610 957 667 1032 qud
690 954 920 1031 egrediebantur,
934 973 1059 1032 occupa·

147 1035 197 1101 vit,
212 1032 373 1110 caedesque
397 1034 556 1109 promiscue
579 1033 706 1092 omnium
728 1033 804 1092 mma
824 1043 933 1110 portam
954 1034 1059 1110 primo,

148 1111 261 1181 deinde,
282 1111 437 1187 irruptione
448 1111 535 1178 faeti,
556 1111 643 1170 etiarn
663 1112 692 1170 in
707 1113 787 1181 urbe,
807 1110 867 1169 fieri
885 1122 990 1187 coepta
1002 1121 1059 1169 est.

50 1219 52 1222 ·
148 1189 362 1265 Quinquaginta
390 1187 451 1248 fere
479 1189 568 1265 primo
599 1190 706 1265 egressi
726 1189 947 1266 Campanorum,
967 1205 1059 1266 quum
1184 1209 1194 1216 ·

147 1267 185 1324 ad
205 1266 326 1324 Fabium
345 1264 548 1340 confugissent,
569 1267 710 1343 praesidio
723 1270 786 1344 ejus
809 1266 939 1343 Capuam
959 1285 1060 1344 perve-

147 1353 258 1402 nerunt.
313 1341 479 1410 Casilinum,
506 1345 580 1402 inser
610 1343 752 1419 colloquia
785 1344 1059 1434 cunctationemque

146 1418 305 1496 petentium
324 1417 420 1487 fidem,
446 1437 498 1494 par
525 1420 706 1478 occasionem
729 1431 847 1496 capsum
868 1433 922 1480 est.
942 1421 1058 1499 captari,

147 1495 251 1574 quique
270 1496 492 1586 Campanorum,
507 1498 612 1576 quique
632 1497 803 1573 Hannibalis
822 1497 944 1556 militum
965 1512 1058 1568 eraut,

148 1575 272 1634 Romam
293 1575 370 1634 massi
394 1587 481 1653 atque
500 1577 541 1636 ibi
560 1577 590 1634 in
612 1595 728 1636 carcere
746 1575 848 1636 induri
871 1587 956 1634 sunt:
974 1595 994 1636 o
1014 1577 1060 1654 pi·

147 1653 287 1712 danorum
308 1654 393 1712 turba
412 1673 465 1740 per
477 1655 611 1714 finitimos
631 1655 752 1732 populos
771 1655 801 1711 iu
815 1654 975 1713 custodiam
986 1596 1060 1711 riiri-

148 1750 188 1790 sa.

186 1808 253 1866 XX.
293 1811 417 1872 Qursus
438 1807 539 1865 diebus
558 1825 576 1864 a
596 1805 731 1873 Casilino,
752 1823 784 1864 re
803 1805 879 1862 bene
898 1807 989 1880 gesti,
1010 1826 1060 1866 re.

147 1904 259 1944 cessum
280 1895 333 1950 eat,
353 1883 394 1940 eis
414 1883 564 1942 Gracchus
584 1883 613 1940 in
637 1880 764 1941 Lucaais
783 1881 892 1959 aliquot
911 1881 1059 1954 cohortes,

145 1964 174 2020 iu
194 1978 230 2018 ea
250 1959 365 2034 regione
392 1959 576 2035 conscriptas,
597 1979 664 2020 eum
694 1960 840 2038 praefecto
864 1961 1006 2020 sociorum
1026 1964 1058 2021 iu

145 2057 229 2115 agros
249 2035 373 2094 bostium
392 2037 563 2113 praedatum
583 2040 668 2098 misit.
682 2057 732 2098 sos
746 2038 835 2099 effuse
848 2038 959 2115 palams
973 2041 1058 2100 Haa-

145 2135 184 2174 uo
197 2115 323 2181 adortus,
336 2113 416 2174 baud
440 2115 532 2174 mulio
544 2117 693 2188 minorem,
707 2136 793 2195 quam
806 2117 844 2176 ad
858 2118 1058 2177 Beneventum

144 2201 304 2270 acceperat,
325 2191 450 2253 reddidit
468 2193 545 2252 hosti
557 2196 680 2265 cladem,
694 2207 781 2272 atque
801 2195 830 2252 lu
852 2195 978 2254 Bruttios
992 2213 1058 2272 rap-

132 2271 206 2338 ·tim,
228 2289 265 2330 ue
286 2269 437 2330 Gracchus
466 2284 674 2348 assequeretur,
703 2273 853 2331 concessit.
904 2271 1058 2342 Οουωίει,

132 2347 303 2430 (Marcellus
324 2359 408 2414 retro,
423 2349 500 2410 unde
520 2360 647 2417 venerat,
670 2349 772 2406 Nolam
793 2349 885 2416 redit3
905 2346 1012 2407 Fabius
1025 2350 1058 2410 in

146 2427 294 2498 Samnium
314 2426 351 2484 ad
377 2427 556 2504 populandos
575 2445 668 2502 agros,
695 2426 930 2505 recipiendasque
958 2428 1057 2500 armis,

103 2510 105 2516 ’
147 2525 220 2586 quae
245 2504 419 2573 defecerant,
449 2507 544 2570 urbes.
572 2504 719 2582 processit.
773 2505 920 2564 Caudinus
939 2504 1060 2564 Samuis

166 2586 259 2644 rarius
272 2580 455 2644 devastatus:
485 2584 593 2664 perum
606 2583 664 2644 late
682 2583 753 2660 agri.
769 2581 1060 2660 praedae-pecudum

144 2607 351 2739 fluminumque
369 2673 471 2724 actae:
491 2661 596 2744 oppida
616 2663 642 2719 vi
663 2674 758 2739 capta,
773 2660 977 2739 Compulteria,
998 2661 1056 2719 Te-

144 2737 223 2804 lesia,
253 2740 388 2814 Compsa,
422 2741 530 2810 Melae,
563 2740 701 2808 Fulfsdae,
732 2754 762 2800 es
794 2739 988 2800 Orbitanium.
1017 2758 1057 2798 ex
1086 2766 1088 2770 ·
1192 2773 1193 2778 κ

143 2811 269 2872 Lucanis
291 2815 429 2885 Blandae,
450 2819 614 2894 Apulorum
634 2820 734 2876 Aecae
752 2828 945 2892 oppugnatas.
985 2816 1058 2874 Mil-

143 2891 181 2950 lia
201 2889 327 2948 hostium
340 2891 368 2948 in
390 2893 435 2950 bis
449 2892 567 2950 urbibus
581 2893 679 2966 viginti
693 2891 818 2966 quinque
831 2902 924 2967 capta,
938 2901 990 2950 aui
1004 2911 1056 2952 ou·

144 2969 224 3030 cisae
254 2975 284 3026 et
311 2967 419 3044 recepti
441 2969 580 3044 perfugae
602 2966 723 3026 trecenti
752 2967 953 3056 septuaginta:
981 2989 1058 3047 quos

145 3066 233 3126 quum
253 3043 378 3108 Rumam
397 3043 521 3106 misisses
540 3043 649 3112 cousid,
670 3043 755 3120 virgis
782 3063 813 3104 m
839 3045 962 3106 comitio
977 3050 1054 3108 caesi

143 3145 253 3195 omnes,
273 3141 309 3184 ac
334 3125 372 3188 de
397 3142 469 3184 saxo
492 3123 609 3202 deiecti.
651 3122 735 3184 Hsec
756 3141 775 3184 a
798 3125 834 3190 Q.
862 3124 952 3184 Fabio
978 3126 1055 3186 intre

141 3221 248 3283 paucos
266 3203 329 3262 dias
342 3213 434 3282 gesta.
479 3202 652 3264 lllareellum
665 3203 702 3262 ab
716 3202 852 3279 gerundis
862 3205 957 3262 rebus
977 3205 1054 3265 rale-

143 3283 214 3344 tudc
233 3281 353 3345 adversa
373 3281 467 3345 Nolae
484 3282 587 3344 tenuit·
626 3280 667 3340 br
689 3299 707 3340 a
735 3291 868 3358 praetore
886 3283 926 3348 Q.
953 3281 1053 3353 Fabio,

144 3362 191 3420 cui
210 3361 288 3422 ciros
299 3361 452 3424 Luceriam
465 3361 611 3439 provincia
629 3371 700 3429 erat,
722 3361 825 3420 Accua
844 3360 981 3439 oppidum
1000 3379 1055 3436 per

143 3454 192 3501 uss
210 3440 272 3506 diss
291 3440 320 3500 vi
338 3454 465 3526 capsum,
486 3439 645 3520 statimque
665 3438 703 3500 ad
723 3439 875 3502 Ardoneas
894 3437 1052 3500 commmi-
