2534 4010
471 181 628 248 LIBER
649 179 747 250 xxti.
1021 193 1060 252 8³

156 336 311 407 immodica
331 340 576 420 immodesteque,¹
592 364 651 404 non
679 337 845 402 Hannibale
871 338 962 418 magia
986 339 1063 400 victo

158 420 197 476 ab
212 437 252 489 se,
266 438 347 496 quam
361 421 398 485 Q·
412 419 511 488 Fnhio,¹
524 421 654 496 gloriari:
683 421 779 486 Illum,
804 417 834 477 in
847 418 933 476 rebu'a
953 418 1063 496 asperia

159 495 273 568 unicum
286 497 390 558 ducem
404 516 439 556 ac
453 509 549 574 parem
563 499 722 574 quaesitum
738 494 907 564 Hannibali,
922 497 1060 574 majorem

158 571 267 643 minori,
289 575 460 636 dictatorem
485 573 620 648 magistro
643 575 782 651 equitum,
796 572 976 649 quod'nulla
999 593 1060 635 me·

157 651 246 710 moria
259 652 367 710 habeat
380 651 534 718 annalium,
546 653 627 726 jussu
640 651 738 728 populi
751 651 946 726 aequantmin
957 652 1064 714 eadem·

158 728 285 796 deitate,
299 729 329 785 in
343 747 400 804 qua
414 728 541 804 magistri
554 727 683 806 equitum
706 729 798 804 virgas
807 741 853 786 'ac
871 747 985 790 secures
999 729 1061 794 die.

156 807 258 864 temris
271 815 395 865 tremere
405 817 490 883 atque
503 805 620 866 horrere
633 805 708 864 soliti
722 805 796 864 sint:
823 806 852 864 in
876 819 989 868 tantum
1012 828 1062 870 su·¹

156 901 205 940 am
219 882 385 943 felicitatem
398 885 587 962 vlrtut'emque
609 883 754 944 enituisse.
794 883 874 958 Ergo¹
893 897 1060 946 secutumnr

157 979 191 1018 ee
204 959 347 1019 fortunam
361 981 451 1028 suam,
474 963 496 1020 si
506 1016 508 1023 ,
519 963 643 1022 dictator
655 961 683 1019 in
698 960 891 1028 cunctatione,
911 971 946 1020 ac
967 963 1060 1038 aegni-

158 1037 207 1106 tie,
232 1036 350 1102 deorum
377 1039 580 1118 hominumque
603 1039 711 1117 judicio
737 1039 883 1105 damnatis,
898 1069 899 1077 κ
913 1049 1065 1114 perstaret.

158 1115 270 1192 Itaque,
285 1136 341 1193 quo
355 1117 402 1176 die
422 1117 544 1193 primum
565 1135 733 1194 congressus
755 1129 799 1178 eet
821 1134 888 1177 cum
912 1117 949 1180 Q·
964 1115 1065 1186 Fabio,

158 1193 343 1258 statuendum
357 1194 484 1261 omnium
507 1193 638 1272 primurn,
663 1195 711 1261 ait,
727 1213 799 1262 enee,
820 1191 1064 1270 quemadmodum
1124 1225 1130 1231 ·

157 1270 277 1347 imperio
291 1282 413 1347 aequato
427 1283 553 1334 utantur.
594 1271 632 1332 Se
645 1273 784 1349 optimum
798 1271 913 1338 ducere,
934 1282 985 1330 aut
1002 1271 1061 1332 die-

158 1349 215 1406 bue
228 1347 352 1416 alternis,
366 1361 436 1425 aut,
449 1351 473 1409 si
496 1353 604 1428 majora
628 1351 786 1410 intervalla
799 1347 953 1426 placerent,
975 1350 1065 1426 parti·

159 1425 196 1482 tis
210 1436 267 1484 tam
289 1426 393 1496 oribus,
408 1429 525 1490 alterius
535 1441 682 1492 ¹summum
691 1431 741 1504 jus
754 1427 962 1502 imperiumque
976 1447 1058 1495 esset
1159 1441 1168 1460 ·

159 1511 191 1560 ut
204 1521 256 1580 par
308 1506 343 1562 sti
358 1524 418 1563 non
440 1506 536 1570 solum
558 1505 687 1571 coneilio,
707 1505 757 1564 sed
771 1504 878 1566 viribus
900 1504 995 1573 etiam,
1016 1510 1063 1563 ea·¹

109 1621 116 1629 .
159 1589 212 1648 aet,
225 1581 249 1640 si
273 1599 359 1656 quam
383 1583 565 1644 occasionem
588 1581 627 1640 rei
650 1581 794 1656 gerendae
816 1581 972 1643 habuisset·
1014 1585 1061 1650 .Q.

159 1656 249 1716 Fabio
262 1657 485 1735 haudquaquam
498 1659 527 1716 id
541 1657 671 1736 placere:
685 1655 688 1662 ⁴
700 1659 796 1718 omnia
820 1659 895 1718 enim
918 1658 1061 1719 fortunam

158 1733 329 1803 babituram,
358 1754 545 1814 quaecunque
578 1735 725 1796 temeritas
752 1736 883 1810 collegae
907 1735 1065 1796 habuisset.
1094 1791 1101 1802 ,

160 1811 220 1870 Sibi
234 1813 477 1882 communicatum
490 1814 628 1884 camillo,
642 1825 700 1874 non
714 1813 892 1892 ademptum,
905 1813 1064 1890 imperium

158 1909 231 1950 caee-
269 1891 373 1966 Itaque
386 1911 419 1950 se
430 1907 576 1968 nunquam
598 1891 742 1966 volentem
755 1901 857 1969 parte,
870 1893 934 1968 ‚que
953 1902 1061 1968 posset,

157 1986 254 2028 rerum
267 1968 385 2034 consilio
398 1969 587 2043 gerendarum
607 1981 771 2028 cessurum:
801 1988 858 2028 nec
870 1987 909 2027 ,se
933 1982 1063 2048 tempora

159 2055 211 2104 aut
224 2043 286 2102 dies
309 2043 419 2122 imperii
442 2065 509 2104 cum
525 2066 574 2114 eo,
598 2046 924 2114 exereitusdivisurum,
946 2047 1065 2125 suisque

159 2121 294 2191 consiliis,
309 2122 443 2198 quoniam
466 2123 562 2182 omnia
584 2142 641 2185 non
664 2123 772 2191 liceret,
793 2141 865 2199 quae
878 2125 983 2201 posset,
1004 2143 1067 2188 sen,

158 2211 300 2258 naturum·
340 2200 386 2266 Ita
411 2201 546 2280 obtinuit,
574 2201 615 2260 uti
640 2201 780 2278 legiones,
802 2200 876 2258 sicut
893 2199 1064 2264 contulibus

159 2297 222 2344 mos
235 2289 322 2346 esset,
335 2277 409 2344 inter
422 2298 453 2340 se
467 2278 634 2340 dividerent.
653 2279 788 2356 primast
807 2289 909 2356 quarta
923 2277 1064 2348 Minucio,

159 2355 287 2424 secunda
299 2365 329 2413 et
342 2357 426 2426 tertia
446 2357 536 2416 Fabio
557 2355 723 2422 evenerunt.
745 2413 748 2422 ,
775 2356 850 2416 Item
873 2356 983 2434 equites
1003 2358 1065 2434 pari

159 2431 290 2504 numero,
301 2434 469 2512 socibmquc
481 2447 510 2494 et
523 2434 620 2494 Latini
634 2433 756 2498 nominis
769 2434 882 2502 auxilia,
891 2435 1065 2492 diviserunt:
1131 2445 1137 2450 ·

160 2511 260 2570 castris
274 2530 433 2587 aequoque
448 2513 571 2588 separari
580 2511 720 2587 ¹magister
733 2511 861 2588 equiturn
874 2508 998 2570 voluit-1.
1017 2555 1021 2564 ,
1038 2539 1041 2544 ·
1064 2543 1070 2563 .

191 2587 344 2662 XXVIII.
365 2589 500 2646 Duauax
511 2590 578 2648 inde
593 2588 750 2650 Hannibali
765 2587 903 2662 gaudium
915 2581 970 2642 fuit
980 2605 994 2650 tv
1008 2603 1066 2654 me·

159 2683 219 2745 que
232 2663 309 2734 enim
322 2664 474 2742 quicquam
487 2683 595 2732 eorum,
610 2683 683 2798 quaa
703 2663 780 2754 apud
793 2661 892 2722 hostes
904 2674 1065 2739 agereatur,

159 2761 229 2804 eum
242 2741 369 2811 fallebat,
384 2754 413 2802 et
427 2741 553 2819 perfugis·
565 2759 613 2800 mu
626 2753 657 2801 ta
675 2741 875 2810 indicantibus,
895 2753 926 2800 ct
947 2761 999 2819 per
1017 2762 1064 2804 tu-

160 2820 422 2900 osexplorantemt
450 2838 517 2880 nam
530 2833 574 2886 'et'
589 2820 709 2884 liberam
731 2819 853 2879 Minucii
873 2820 1064 2882 temeritatem

161 2917 259 2958 sesua
281 2899 368 2958 modo
392 2909 582 2978 captaturum,
615 2909 645 2961 et
659 2898 799 2964 ,solertiae
813 2897 894 2958 Fabii
913 2899 1064 2965 dimidium

96 3035 101 3046 ,
160 2975 261 3036 sirium
274 2976 441 3038 decessisse.
481 2977 623 3044 Tumulus
645 2987 706 3044 erat
728 2977 807 3036 inter·
825 2975 920 3040 castra
940 2977 1067 3043 Minucii

160 3054 390 3133 Poenorumque.
410 3073 478 3113 eum
502 3056 560 3132 qui-
573 3055 752 3132 occupisset,
765 3053 844 3116 haud
857 3053 954 3120 dubie,
963 3053 1065 3131 iniqui-

159 3150 242 3200 orem
256 3142 319 3190 erat-
328 3131 403 3194 hosti
424 3132 520 3192 locum
531 3132 675 3198 ,tacturus-
708 3149 775 3190 eum
797 3143 1065 3208 nontam-capere
1163 3189 1167 3196 ,

161 3210 225 3272 sine
239 3211 395 3268 certamine
408 3209 527 3276 volebat
537 3208 704 3278 Hannibal,
718 3207 939 3288 (quanquamid
951 3221 1064 3292 :operae

162 3286 288 3368 pretium
311 3289 382 3364 erat)
403 3306 489 3364 quam
513 3304 630 3346 causam
652 3287 901 3354 cantaminiscum
923 3283 1064 3346 Minucws

162 3386 248 3452 quem
263 3383 376 3442 semper
389 3383 582 3432 occursurum,
592 3363 630 3423 ad
640 3354 1081 3452 .⁰b³l⁸tendun3.sptis.sc}enas‚-

153 3441 342 3544 pneumate.
382 3445 463 3522 Adel
485 3442 577 3504 ⁰mnie
589 3441 702 3504 medius
721 3451 893 3526 eratpuma.
907 3443 1003 3501 speeie
1023 3448 1066 3496 na.
1126 3521 1130 3526 ι
