2406 3932
150 204 206 288 ιω
479 219 535 280 ·Τ.
562 213 705 282 L1v11
740 209 746 218 '

148 377 426 457 que-simul,utrum
446 375 602 434 Venusiam
622 375 726 434 adduci
746 367 913 446 exercitum,
935 373 1053 447 annia·

139 452 219 516 ¹nere
228 456 343 532 juberet
357 453 497 512 Canusii?
526 454 628 511 Varro
641 453 702 531 ipse
717 453 871 511 Canusium
885 457 985 531 copias
997 455 1055 530 trd-

149 533 292 602 duxit,‘et
312 536 372 610 jam
392 531 487 608 aliqua
506 533 617 608 species
637 530 791 589 consularis
810 531 955 588 exercitus
976 543 1056 600 erat;

149 611 355 686 moenibusque
368 627 399 666 se
417 619 504 676 certe,
525 609 548 666 si
569 627 628 665 raon
648 610 742 674 armo,
761 609 799 665 ab
819 610 903 666 hoste
915 608 1054 666 videban-

149 701 196 746 tur
208 687 361 746 defensuri.
402 685 534 754 Romam,
549 704 586 744 ne
598 685 650 744 has
669 686 783 763 quidem
803 685 934 762 reliquias
955 705 1055 763 super·

141 783 212 825 esse
225 765 328 823 civium
343 764 550 838 sociorumque,
565 765 616 822 sed
630 763 778 822 occidione
797 765 907 821 occisos
922 781 987 820 cum
1000 762 1055 820 du·

125 900 131 910 ,
150 845 223 901 obus
237 841 409 901 exercitibus
423 841 563 908 consules,
588 835 753 917 deletasque
773 859 874 898 omnes
893 841 999 918 copias,
1013 839 1056 898 al-

148 921 238 979 latum
264 918 384 978 suerat·
407 917 571 994 Nunquam,
594 919 671 976 salva
694 919 775 986 urbe,
802 928 917 976 tantum
944 917 1055 995 pavoris

149 997 346 1074 tumultusque
359 996 432 1053 intra
446 995 559 1052 moenia
575 995 705 1053 Romana
723 995 786 1053 fuit.
806 996 903 1071 itaque
923 1014 1056 1053 succum·

148 1077 217 1133 bam
231 1075 318 1144 oneri,
338 1092 431 1149 neque
450 1071 599 1147 aggrediar
617 1090 740 1141 narrare,
761 1091 835 1150 quae
859 1071 1055 1130 edissertando

150 1151 260 1210 minora
273 1169 339 1209 voro
359 1151 462 1208 fecero.
503 1149 629 1208 Consule
649 1151 834 1228 exercituque
853 1149 889 1206 ad
911 1149 1056 1207 Trasime-

150 1249 219 1286 num
234 1229 326 1305 priore
338 1245 414 1284 anno
434 1227 547 1292 amisso,
568 1247 627 1285 uon
647 1229 749 1304 vulnus
769 1245 854 1305 super
870 1226 983 1296 vulnus,
1004 1226 1056 1284 sed

148 1305 299 1380 multiplex
312 1303 418 1370 clades,
438 1323 505 1361 curn
525 1304 639 1362 duobus
658 1305 825 1364 consulibus
844 1304 903 1363 duo
923 1303 1055 1362 consula·

148 1381 348 1439 res‘exercitus
361 1380 456 1437 amissi
477 1382 704 1440 nunciabantur:
729 1382 862 1444 neculla
881 1385 941 1457 jam
963 1393 1057 1440 castra

151 1459 292 1526 Romana,
314 1475 368 1516 nec
381 1457 495 1526 ducem,
517 1477 572 1518 nec
591 1459 710 1517 militem
723 1477 805 1518 esset
827 1457 1000 1532 Hannibalis
1014 1460 1056 1516 A·

149 1535 266 1612 poliam,
289 1533 445 1604 Samnium,
470 1553 505 1594 ac
521 1539 581 1612 jam
602 1556 691 1615 prope
710 1547 800 1595 totam
814 1534 926 1592 ltaliam
939 1534 1057 1592 factam.

149 1612 239 1670 Nulla
259 1611 387 1690 profecto
401 1613 457 1672 alia
469 1631 542 1689 gens
562 1617 643 1673 tanta
663 1615 739 1673 mole
762 1613 851 1673 cladis
871 1631 929 1669 non
953 1612 1057 1671 obruta

149 1703 235 1748 esset.
276 1691 447 1768 Comparem
467 1691 582 1764 cladem
603 1692 641 1746 ad
663 1697 791 1764 Aegates
811 1690 917 1745 insulas
933 1689 1058 1746 Kartha·

150 1767 329 1842 ginienslum,
351 1767 457 1843 proelio
477 1765 569 1820 navali
589 1763 747 1838 acceptam,
766 1765 824 1838 qud
844 1763 936 1830 fracti,
960 1765 1059 1822 sicilia

151 1863 187 1901 ac
203 1845 332 1902 Sardinia
345 1858 464 1904 cessere,
486 1839 553 1893 hinc
569 1838 723 1913 vectigales
743 1857 778 1896 ac
794 1839 992 1916 stipendiarios
1006 1841 1057 1898 lie·

150 1921 173 1976 ri
187 1939 218 1976 se
232 1921 306 1993 passi
321 1918 408 1973 sunt?
434 1923 484 1970 aut
507 1931 633 1988 pugnarn
657 1915 806 1976 adversam
829 1917 858 1974 in
880 1916 989 1986 Africa,
1010 1917 1061 1978 cui

150 2003 252 2072 postea
274 1993 321 2048 hic
348 1992 409 2067 ipsc
437 1990 584 2048 Hannibal
609 1994 785 2053 succubuit?
812 1994 891 2054 nulla
914 2007 1056 2072 exparte

151 2068 359 2144 comparandae
373 2078 448 2136 sunt,
463 2068 515 2126 nisi
530 2070 607 2146 quod
620 2072 729 2130 minore
742 2073 838 2130 animo
851 2074 928 2132 latae
942 2085 1019 2131 sunt.

151 2163 156 2174 ·
189 2145 253 2200 LV.
294 2144 328 2202 P.
342 2145 464 2204 Furnos
480 2145 579 2204 Philus
592 2155 622 2206 et
637 2149 689 2206 Μ’.
704 2151 887 2228 Pomponius,
902 2162 1057 2226 praetores,

151 2231 281 2280 senatum
303 2223 332 2280 in
353 2223 459 2281 curiam
482 2223 637 2282 Hostiliam
659 2241 840 2294 vocaverunt,
865 2238 897 2283 ut
920 2226 958 2282 de
978 2226 1058 2282 urbis

152 2299 284 2357 custodia
310 2301 501 2358 consulerent·
528 2319 621 2376 neque
647 2303 722 2358 enim
746 2303 927 2372 dubitabant,
954 2301 1058 2360 deletis

151 2376 333 2457 exercitibus,
354 2377 466 2432 hostem
486 2377 522 2433 ad
537 2378 758 2454 oppugnandam
780 2379 912 2448 Romam,
926 2381 1012 2458 'quod
1026 2400 1060 2438 u·

153 2469 309 2530 numsopus
322 2453 390 2510 belli
403 2463 532 2522 restaret,
552 2466 713 2514 venturum.
752 2459 850 2522 Quum
864 2457 893 2515 in
907 2458 998 2525 malis,
1022 2459 1059 2514 si·

152 2541 203 2589 cut
223 2531 395 2608 ingentibus,
419 2531 460 2588 ita
480 2531 593 2608 ignotis,
622 2553 658 2592 ne
681 2534 831 2592 consilium
854 2536 969 2614 quidem
991 2534 1060 2592 satis

151 2609 331 2684 expedirent,
351 2610 586 2688 obstreperetque
609 2611 717 2670 clamor
738 2611 957 2680 lamentantium
977 2613 1060 2672 muli·

153 2703 243 2751 erum,
258 2699 297 2754 et,
319 2687 445 2744 nondum
466 2689 560 2764 palam
579 2688 666 2759 facto,
687 2691 741 2746 vivi
762 2693 923 2768 mortuique
936 2711 987 2768 per
999 2709 1061 2749 om·

150 2777 205 2816 nes
225 2776 318 2833 paene
339 2764 440 2820 domos
462 2767 623 2840 promiscue
646 2768 907 2844 complorarentur;
935 2781 997 2824 turn
1022 2770 1060 2831 Q.

154 2834 261 2892 Fabius
275 2837 421 2894 Maximus
435 2843 555 2906 censuit,
570 2843 680 2916 equites
694 2843 843 2917 expeditos
863 2854 893 2899 et
914 2842 1014 2917 Appia
1030 2857 1061 2902 et

155 2911 261 2970 Latina
280 2913 332 2969 via¹
345 2913 509 2982 mittendos,
530 2916 586 2990 qui,
610 2917 708 2974 obvios
722 2919 936 2992 percunctando
950 2918 1061 2997 aliquos

46 3007 56 3020 Χ
155 2983 298 3068 profectos
312 2993 349 3046 ex
361 2989 439 3064 fuga,
454 2990 559 3066 passim
572 2991 732 3068 dissipatos,
752 2993 826 3053 forte
840 2995 971 3063 referant,
987 3015 1062 3074 quae

49 3097 52 3104 ·
155 3067 270 3124 fortuna
284 3067 432 3126 consulum
447 3079 535 3146 atque
554 3070 731 3128 exercituum
752 3071 868 3142 sitast,
890 3074 913 3130 si
933 3073 1001 3152 quid
1022 3075 1061 3133 dii

157 3143 341 3212 immortales,
365 3145 482 3202 miseriti
501 3146 619 3224 imperii,
640 3148 780 3226 reliquum
801 3151 1062 3211 Romanonomini

156 3221 285 3291 fecerint,
314 3221 364 3280 ubi
390 3241 442 3281 eae
465 3225 565 3301 copiae
588 3225 746 3304 sintthuo
770 3247 801 3286 se
826 3229 972 3286 Hannibal
997 3241 1062 3307 post

155 3298 298 3379 proelium
322 3301 493 3368 contulerit;
515 3303 583 3380 quid
597 3316 687 3380 paret,
709 3305 778 3382 quid
791 3317 866 3383 agat,
889 3318 1061 3384 acturusque

150 3376 204 3432 sit.
245 3379 330 3438 Haec
345 3379 520 3457 exploranda
540 3383 741 3460 noscendaque
760 3403 812 3461 per
831 3384 965 3462 impigros
980 3387 1060 3458 juve·

151 3467 209 3508 Μ
230 3473 303 3516 esso.
342 3458 418 3518 Illud
444 3477 495 3536 per
523 3459 623 3520 Patres
649 3461 726 3540 ipsos
749 3463 902 3540 agendum,
928 3460 1061 3540 quoniam
