2386 3930
419 227 584 290 nrsnn
615 229 710 290 xxv.
959 237 1036 312 saex

115 388 191 448 oisre
209 384 372 464 hospitium.
412 384 490 444 Nihil
510 387 563 446 sibi
577 405 643 446 cunr
664 405 700 446 eo
714 386 927 446 consociatum:
950 391 1019 449 nihil

114 465 292 524 foederatum
306 463 382 522 hosti
402 481 467 522 cum
490 464 581 534 hoste,
597 467 679 542 cujus
700 465 821 542 patriam
844 484 878 525 ac
901 480 1021 543 penates

115 541 246 620 publicos
269 542 449 620 privatosque
472 555 668 618 oppugnatum
691 543 828 602 venisset.
867 542 896 603 Si
917 545 958 602 vir
977 565 1022 606 es»

116 631 169 688 set,
193 619 424 696 congrederetur.
473 617 532 676 Diu
557 630 749 689 cunctantem,
774 621 935 698 Crispinum
958 642 1022 699 per·
1052 665 1054 672 .

115 698 214 776 pulcre
227 697 372 766 turmales,
385 715 423 756 ne
443 696 560 774 impune
583 696 719 756 insultare
739 698 917 776 Campanum
941 712 1022 777 pate·

115 787 202 834 retur.
223 774 329 852 ltaque,
343 783 455 832 tanturn
478 785 614 844 moratus,
628 774 698 832 dum
715 774 900 851 imperatores
920 796 1023 837 consu·

116 853 198 921 leret,
224 851 459 930 permitterentne
482 851 537 911 arbi
560 861 643 910 extra
664 852 792 910 ordinem
815 853 845 909 in
867 873 1022 930 provocan-

116 943 177 990 tem
198 927 311 988 bostem
335 946 471 1006 pugnare,
494 929 632 1008 permissu
655 947 754 990 eorum
776 945 855 1008 arma
881 932 966 1008 cepit,
994 953 1030 1010 qa

80 1057 83 1062 ,
118 1025 263 1086 quumque
290 1006 466 1076 conscendit,
489 1018 519 1065 et
545 1006 677 1077 Badium,
702 1004 817 1066 nomina
840 1009 1023 1084 compellans,

116 1086 155 1144 ad
176 1101 302 1162 pugnam
315 1084 452 1143 evocavit.
492 1083 580 1144 Nulla
597 1103 677 1144 mora
689 1103 708 1143 a
721 1084 870 1163 Campano
883 1085 960 1144 iacta
972 1100 1033 1146 eat.»
1058 1111 1062 1118 ·

117 1161 227 1222 infertis
253 1163 333 1239 equis
360 1169 572 1222 concurrerunt.
625 1163 772 1242 Crispinus
799 1181 885 1240 supra
912 1175 1031 1226 scotum
1113 1223 1120 1238 ,

117 1238 262 1299 sinistmm
275 1239 424 1298 humerum
446 1238 537 1298 Badio
555 1239 638 1299 hasta
651 1241 800 1312 uansiirit,
822 1258 963 1319 superque
976 1243 1026 1302 de.

117 1317 229 1394 lapsum
243 1333 308 1376 cum
323 1317 438 1377 vulnere
452 1333 489 1376 ex
502 1336 576 1396 equo
589 1317 712 1389 desiluit,
727 1329 759 1378 ut
773 1319 861 1396 pedes
879 1322 1026 1397 jacentem

118 1395 281 1454 conficeret.
333 1394 450 1464 Badius,
477 1396 642 1471 priusquam
674 1397 890 1472 opprimeretur,
926 1399 1027 1476 parmi

118 1485 206 1550 atque
219 1491 292 1550 equo
315 1471 426 1540 relicto,
440 1469 479 1526 ad
499 1487 566 1527 auos
580 1470 699 1544 aufugit.
739 1471 895 1546 Crispinus,
911 1492 1026 1548 equum,

119 1567 254 1626 armaque
275 1558 369 1624 capta,
382 1557 414 1604 et
434 1557 582 1604 cruentam
603 1545 761 1622 cuspidem,
780 1546 898 1625 insignia
921 1550 1029 1626 spoliis,

118 1637 277 1695 ostentans,
291 1640 357 1684 cum
377 1639 482 1698 magna
493 1621 579 1680 laude
593 1633 623 1680 et
646 1623 835 1700 gratulatione
855 1625 976 1684 rnilitum
990 1629 1028 1686 ad

119 1703 251 1764 consules
277 1713 322 1760 est
348 1699 501 1771 deductus,
528 1699 718 1776 laudatusque
743 1699 783 1760 ibi
810 1703 970 1778 magnifice,
998 1717 1028 1764 et

120 1781 204 1842 donis
217 1780 349 1839 donatus.
869 1809 872 1816 ⁴
929 1781 939 1797 ²
1022 1817 1026 1820 -
1054 1823 1057 1826 -

160 1857 243 1915 XIX.
281 1857 465 1916 Hauuraan
489 1871 526 1916 ex
547 1875 615 1936 agro
643 1857 847 1917 beneventano
871 1869 965 1930 castra
992 1860 1029 1918 ad

122 1937 254 2011 Capuam
277 1951 365 2010 quum
386 1935 532 2004 movisset,
556 1935 640 1994 tertio
663 1947 728 2013 post
751 1936 807 2007 die,
833 1955 917 2014 quam
941 1939 1029 2007 venit,

121 2012 220 2090 copias
245 2011 274 2068 in
300 2010 393 2070 aciem
413 2011 533 2070 eduxit:
563 2011 785 2090 haudquaquam
810 2014 924 2083 dubins,
953 2017 1033 2092 quod·

124 2088 287 2166 Campanis,
302 2089 421 2148 absente
440 2106 481 2158 ae,
499 2107 615 2166 paucos
631 2101 698 2148 ante
717 2089 779 2170 dies
792 2093 919 2150 secunda
931 2091 1031 2154 luisset

123 2185 229 2245 pugna,
249 2165 317 2245 quin
341 2165 432 2226 multo
455 2166 548 2224 minus
575 2185 606 2226 se
627 2183 768 2244 suumque
788 2167 875 2226 toties
893 2169 1035 2230 victorem·

123 2245 282 2305 exercitum
304 2243 444 2304 sustinere
468 2243 591 2302 Romani
617 2257 743 2322 possent.
784 2245 929 2314 Ceterum,
953 2259 1032 2324 post-

62 2335 74 2357 ·
123 2341 210 2402 quarn
236 2321 356 2399 pugnari
382 2331 590 2399 coeptumeat,
612 2323 740 2400 equitum
761 2323 885 2382 maxime
907 2324 1033 2394 incursu,

124 2417 212 2487 quum
233 2398 336 2475 jaculis
358 2400 534 2471 obrueretur,
558 2401 709 2460 laborabat
733 2399 865 2459 Romana
880 2403 966 2472 acies,
981 2403 1035 2461 do-

123 2497 180 2536 nec
202 2475 315 2553 signum
329 2475 472 2553 equitibus
485 2476 585 2537 datum
605 2489 659 2547 eat,
672 2488 706 2536 ut
718 2477 748 2534 in
767 2477 881 2537 bostem
900 2479 1033 2537 admitte·

124 2564 189 2622 rent
215 2572 314 2631 equos.
336 2554 378 2612 ita
399 2566 530 2630 equestre
549 2556 690 2646 proelium
709 2565 792 2614 erat:
826 2547 914 2632 q'uum
933 2557 1037 2632 procul

124 2632 202 2690 visua
224 2619 447 2707 Semp'roniauus
466 2644 618 2701 exercitur,
632 2633 680 2690 cui
700 2633 754 2692 Cn.
769 2631 920 2691 Cornelius
932 2652 1037 2710 quaes·

126 2721 172 2770 tor
194 2719 334 2786 praeerat,
355 2707 467 2784 utrique
486 2709 559 2786 perti
582 2727 680 2786 parem
700 2719 809 2768 metum
831 2710 972 2787 praebuit,
996 2732 1033 2772 ne

125 2788 224 2848 hostes
245 2787 311 2846 novi
330 2785 527 2846 adventarent.
567 2786 656 2846 Velut
669 2805 706 2846 ex
719 2787 887 2866 composito,
901 2789 1038 2869 utrinque¹

126 2866 239 2943 signum
266 2866 394 2943 receptui
421 2863 543 2924 datum:
576 2864 744 2944 reductique
769 2865 798 2923 in
825 2876 919 2926 castra
944 2887 1034 2947 prope

127 2961 220 3020 aequo
246 2943 343 3004 Marte
367 2941 568 3005 discesserunt.
589 2943 686 3021 plures
710 2955 806 3002 tamen
829 2946 866 3004 ab
894 2945 1034 3006 Romanis

125 3021 219 3100 primo
242 3021 358 3078 incursu
380 3021 506 3098 equiturn
531 3021 707 3080 ceciderunt.
745 3021 818 3080 Inde
836 3023 978 3090 consules,
1002 3033 1035 3080 ut

127 3107 289 3157 averterent
308 3097 410 3173 Capua
430 3096 634 3167 Hannibalern,
654 3109 750 3169 nocte,
769 3117 842 3177 quae
861 3109 961 3158 secuta
981 3111 1034 3171 eat,

128 3173 241 3242 diversi,
256 3173 371 3232 Fulvius
392 3174 421 3232 in
441 3191 541 3252 agrum
555 3175 726 3248 Cumanum,
741 3177 878 3237 Claudius
886 3175 920 3233 in
940 3176 1036 3237 Luca-

128 3261 183 3314 rios
201 3250 280 3310 abiit.
319 3251 439 3312 Postero
452 3253 508 3321 die,
547 3271 616 3312 uurn
628 3272 720 3314 vacua
732 3265 826 3314 castra
845 3271 908 3312 esse
927 3253 1038 3310 Roma»

128 3349 232 3394 norum
246 3328 412 3419 nunciatum
432 3271 590 3390 Hanniilali
603 3343 731 3402 coaeter
745 3331 858 3390 duobus
875 3329 1037 3407 agminibus

126 3411 257 3474 diversos
283 3406 408 3477 abrisse3
445 3408 570 3470 incertus
603 3411 703 3488 primo,
731 3419 826 3467 utrum
858 3417 1034 3483 sequeretur,

114 3488 261 3570 ⁴Appium
287 3484 389 3548 institit
409 3486 503 3568 sequi.
547 3486 609 3560 llle,
637 3483 951 3558 circumductohostt,
979 3505 1037 3564 qus
