2386 3930
447 241 611 308 Ltssun
633 241 727 308 XXV.
977 253 1031 312 961

129 411 149 442 “
168 401 210 462 tui
232 400 297 462 dedi
320 403 504 538 segucntibus
527 403 616 462 effuse
636 405 717 463 vobis
740 403 886 464 cubatum
910 403 1033 474 hostem,

129 481 297 558 “frangere
319 501 355 540 eu
377 481 468 540 aciem
488 492 619 549 vestrum,
644 481 695 545 sed
716 481 827 542 deferre
849 481 877 540 in
899 485 1035 560 mojorem

129 567 148 596 ⁴⁴
168 559 285 635 gloriam
310 571 396 636 atque
417 559 669 635 opportunitatem,
691 561 790 619 volui:
819 571 851 618 ut
872 560 1034 638 postmodo,

129 643 148 675 ⁴⁴
168 637 327 715 praeparati
344 639 483 706 incautos,
503 635 604 694 annoti
626 637 757 708 inermes,
776 650 862 716 etque
883 637 970 696 etiem
990 657 1036 697 eo·

129 723 148 752 ⁴⁴
167 715 252 791 piros,
272 734 324 791 per
349 714 529 774 ocmdonem
556 715 673 790 aggredi
693 716 821 792 possetis.
864 716 927 774 Nec
950 715 1035 792 hujus

129 801 147 830 ⁴⁴
168 792 324 850 occasionis
338 811 428 869 spem,
442 792 555 860 milites,
569 791 642 851 forte
665 805 783 860 temere,
797 793 849 850 sed
863 813 899 851 ex
919 813 951 854 re
963 794 1035 871 ipsa,

128 880 146 906 ⁴·
168 883 338 948 conceptam
360 870 464 930 habeo.
504 873 532 928 A
546 871 627 928 vobis
646 889 759 948 quoque
780 871 908 947 profecto
927 872 951 929 si
975 872 1037 948 quis

128 957 148 988 ⁴⁴
168 961 295 1025 quaerat,
310 967 433 1025 quonam
453 948 540 1006 modo
557 949 672 1026 poncio
692 948 798 1016 multis,
812 947 879 1006 victi
892 967 911 1005 a
923 949 1035 1008 victori«

129 1025 147 1064 '⁴⁴
167 1027 232 1094 bus,
246 1037 339 1084 costra
352 1026 437 1084 tutsti
451 1026 528 1094 sitis;
547 1026 616 1084 nihil
631 1027 708 1086 uliud
722 1025 926 1103 respondeatis,
941 1045 1036 1102 quam,

128 1114 148 1142 ⁴⁴
167 1103 292 1180 idipsum
312 1104 453 1172 timentes,
475 1121 524 1162 ros
538 1105 635 1162 omnin
646 1116 676 1162 et
700 1105 833 1181 operibus
852 1103 965 1162 firmata
987 1104 1039 1162 hs·

57 1197 62 1200 ·
129 1191 150 1244 ⁴⁴
167 1179 274 1250 boisse,
295 1193 325 1241 et
345 1183 421 1259 ipsos
509 1192 555 1240 tos
575 1183 785 1260 instructosque
802 1181 898 1240 fuisse.
939 1181 1039 1242 Erite

129 1266 148 1296 ⁴⁴
170 1277 259 1318 seres
273 1260 381 1318 habet:
411 1279 428 1317 a
462 1259 502 1328 id,
517 1259 593 1336 quod
614 1281 651 1320 ne
674 1262 809 1320 timeatur
831 1259 946 1318 fortuna
960 1259 1038 1328 fecit,

130 1345 148 1374 ⁴⁴
168 1335 284 1395 minime
297 1338 353 1396 tuti
373 1349 440 1395 sunt
460 1338 605 1405 hominem
626 1339 700 1416 quia,
715 1339 793 1416 quod
812 1337 982 1413 neglexeris,
995 1337 1038 1394 in»

129 1422 149 1456 ‘⁴
169 1425 285 1474 cautum
304 1420 394 1494 atque
411 1427 543 1493 apertum
566 1417 682 1474 habeas.
723 1416 803 1474 Nihil
820 1417 947 1474 omniurn
961 1431 1040 1476 nunc

128 1499 149 1532 ⁴⁴
168 1491 261 1550 minus
275 1503 407 1550 metuunt
420 1495 527 1560 hostes,
543 1509 628 1566 quom
642 1511 688 1558 ne,
699 1493 808 1550 obsessi
821 1494 909 1550 modo
921 1494 984 1568 ipsi,
996 1503 1039 1551 at·

126 1577 148 1608 ⁴⁴
169 1589 224 1646 que
238 1569 509 1645 oppugnationem
523 1567 662 1624 suuultro
673 1585 881 1643 oppugnemus.
923 1569 1038 1626 Audeo·

130 1655 150 1684 ⁴⁴
168 1665 241 1714 mus,
256 1645 333 1722 quod
347 1644 425 1704 credi
438 1663 496 1702 non
510 1653 605 1721 potest
619 1661 738 1701 ausuros
751 1662 813 1702 nos.
826 1665 861 1702 eo
875 1645 947 1722 ipso,
962 1643 1038 1721 qnod

129 1731 149 1760 ⁴⁴
170 1722 364 1780 difficillimum
386 1721 507 1790 videtur,
529 1720 696 1780 facillimum
718 1722 790 1800 erit..
822 1721 921 1780 Tertii
944 1723 1039 1796 vigilie

130 1808 149 1838 ⁴⁴
169 1792 262 1858 noctis
285 1800 380 1858 silenti
401 1799 639 1876 agminefducam
653 1819 713 1857 vos.
737 1799 917 1876 exploratum
934 1799 1038 1868 habeo,

130 1887 149 1916 ⁴⁴
169 1896 230 1934 non
254 1878 412 1953 vigiliarum
439 1878 577 1947 ordinem,
604 1895 663 1935 non
686 1876 823 1936 stationes
846 1879 940 1953 justes
966 1893 1040 1936 esso·

130 1963 150 1992 ⁴⁴
171 1955 297 2021 Clamor,
310 1955 340 2012 in
353 1955 441 2030 portis
452 1954 577 2023 nuditus,
589 1965 620 2012 et
632 1955 742 2031 primus
752 1956 876 2032 impetus
890 1966 983 2013 castre
993 1973 1042 2012 oe·
1100 1972 1104 1980 ·

131 2039 149 2068 ⁴⁴
169 2031 252 2108 perit.
266 2045 328 2089 tum
341 2031 415 2089 inter
438 2032 566 2108 torpidos
585 2050 694 2101 somno,
709 2045 902 2110 paventesque
916 2032 953 2090 ad
973 2049 1040 2092 uec·

131 2118 151 2146 ⁴⁴
170 2109 317 2186 opinatum
340 2109 504 2178 tumultum,
519 2122 549 2166 et
571 2109 693 2168 inermes
712 2111 742 2166 in
755 2110 899 2169 cubilibus
918 2110 976 2168 suis
990 2129 1042 2186 op·

132 2195 151 2224 ⁴⁴
171 2206 294 2264 pressos,
314 2187 362 2244 itta
376 2183 479 2244 coedes
493 2187 604 2251 edetur,
618 2204 637 2243 a
647 2204 704 2263 quo
717 2205 768 2244 vos
781 2187 918 2244 hesterno
929 2187 976 2246 die
996 2206 1041 2246 re·

132 2273 150 2302 ⁴⁴
170 2275 287 2324 vocatos
301 2283 389 2341 aegre
404 2263 549 2322 ferebatis.
564 2263 658 2333 'Scin
673 2264 768 2322 sodex
781 2264 870 2323 uideri
883 2265 1042 2334 consilium.

130 2351 150 2388 ‘⁴
171 2343 266 2400 sedin
284 2345 373 2400 rebus
386 2342 501 2419 asperis,
522 2351 552 2399 et
565 2341 645 2399 tenui
665 2361 726 2420 spe,
746 2342 899 2400 lentissima
912 2361 1042 2420 quaeque

73 2468 80 2482 κ
131 2428 150 2456 “
172 2419 289 2476 oonsilio
302 2420 443 2478 tutissime
456 2429 541 2478 eunte
555 2420 630 2496 quin,
641 2421 665 2477 si
677 2421 707 2476 in
717 2420 875 2478 occasionis
885 2432 1041 2487 momento,
1139 2473 1143 2483 ,

133 2506 151 2534 “
172 2499 255 2574 cujus
284 2497 475 2574 praetervolat
503 2497 710 2574 owortunitas,
738 2507 892 2556 cunctatus
924 2497 1042 2572 paulum

132 2580 152 2614 ⁴⁴
171 2575 266 2642 fueris,
280 2575 471 2654 nequicquam
488 2591 557 2632 mox
570 2575 705 2632 omissam
718 2593 846 2652 quaeras.
891 2573 971 2633 Unus
992 2591 1041 2631 ex·
1147 2625 1152 2647 ἲ

132 2661 152 2689 “
172 2653 277 2710 ercitus
301 2652 329 2708 in
353 2651 511 2729 propinquo
534 2663 596 2709 est:
627 2653 686 2710 dno
707 2653 785 2711 haud
808 2652 908 2729 procul
928 2652 1042 2708 absunt.

132 2740 151 2767 ⁴⁴
171 2749 249 2788 nunc
263 2729 494 2806 aggredientibus
515 2747 582 2806 spes
598 2729 693 2806 aliqua
705 2742 768 2788 est:
788 2743 818 2788 et
837 2733 896 2807 jam
911 2729 1043 2788 tcutdstis

132 2816 151 2850 ‘⁴
171 2820 280 2868 vestras
294 2819 382 2886 atque
401 2807 513 2864 illorum
533 2807 614 2864 vires.
669 2807 698 2864 Si
719 2807 795 2866 diem
815 2807 992 2884 proterimus,
1013 2809 1043 2866 e't

132 2895 152 2924 ⁴⁴
171 2887 323 2946 hesternae
345 2886 501 2962 eruptionis
523 2885 600 2944 lirmd
621 2885 765 2944 contemni
780 2885 956 2955 desierimus,
970 2886 1043 2963 peri·

133 2972 152 3002 ⁴⁴
172 2964 269 3022 culum
283 2976 336 3030 est,
351 2985 388 3023 ne
401 2983 503 3023 ornnes
514 2963 612 3032 duces,
626 2983 726 3022 omnes
744 2965 846 3041 copies
863 2965 1043 3022 convenient.

92 3103 94 3108 ¹
133 3048 153 3080 ⁴⁴
173 3041 247 3099 Tres
265 3043 369 3100 deinde
389 3043 487 3112 duces,
509 3054 566 3100 tres
587 3043 732 3100 exercitus
750 3043 954 3102 sustinebimus
976 3040 1042 3096 hos-

131 3126 155 3156 ⁴⁴
172 3119 254 3188 tium,
266 3137 337 3195 quos
350 3120 405 3177 Cn.
420 3119 516 3195 Scipio
529 3119 665 3176 incolumi
675 3121 802 3178 exercitu
816 3141 874 3178 non
886 3116 1043 3175 sustinuit?

135 3203 155 3234 ‘⁴
176 3196 217 3254 Ut
230 3195 382 3254 dividendo
401 3197 498 3273 copias
518 3197 733 3272 periereduces
748 3199 846 3265 nostri,
867 3197 907 3253 ita
921 3194 1044 3271 separati

134 3281 156 3310 ⁴⁴
173 3291 209 3332 ac
222 3273 303 3331 divisi
317 3274 436 3352 opprimi
458 3285 578 3352 possunt
591 3274 699 3333 hostes.
710 3276 766 3334 olio
785 3273 855 3334 belli
866 3273 985 3349 gerendi
998 3271 1043 3328 vie

134 3359 153 3390 ‘⁴
172 3351 251 3410 nulla
273 3363 326 3410 cst.
347 3353 465 3428 proinde
488 3351 567 3420 nihil,
582 3349 695 3429 praeter
714 3353 807 3412 noctis
828 3351 972 3427 proximae
992 3367 1043 3426 op·

134 3436 153 3468 ⁴⁴
173 3429 386 3508 portandam,
411 3441 621 3507 exspectemus.
667 3432 723 3500 Ite,
745 3431 808 3487 deis
826 3431 902 3486 bene
919 3426 1038 3505 juventi

134 3509 237 3582 ‘t’ous
268 3527 388 3588 corpora
417 3520 528 3581 curate,
553 3521 585 3568 ut
611 3509 715 3586 integri
734 3509 919 3585 rigentesque
939 3503 1038 3565 eodem
