2534 4010
407 267 598 380 *asnaa
627 312 725 376 xxa.
994 321 1031 381 er

126 467 217 548 quire·
257 469 417 532 Conversus
428 471 466 531 sd
477 473 625 544 nuncium,
647 481 665 512 “
681 469 762 532 Num
777 467 876 530 literas
896 469 1035 548 quoque‚’'

128 548 228 626 iuquit,
249 557 268 587 ‘⁸
281 551 318 609 ab
332 561 436 610 senatu
450 549 541 621 affers,
574 570 629 612 uae
644 569 693 612 me
712 569 774 609 rem
794 567 894 627 gerere
913 547 1038 606 vetent?

130 626 228 696 “dbi,
256 629 371 697 nuncia,
396 626 510 704 signum
532 572 678 696 edndisnt,
706 627 730 686 si
754 625 792 686 ad
815 625 1035 686 convellendum

129 711 149 761 *Ξ
160 723 260 766 manus
281 723 351 782 prae
372 715 457 764 metu
473 704 696 782 obtorpuerint.”
737 703 876 764 Incedere
897 704 964 764 inde
988 723 1039 782 ag·

127 784 313 860 men-eoepit,
333 782 515 861 primoribus,
536 800 727 860 superquam
747 781 824 859 quod
844 781 1037 844 dissenserant
1053 785 1061 801 '

126 875 144 920 s
157 861 287 929 oonsilio,
302 861 406 920 territis
418 862 506 921 etism
520 859 630 938 duplici
648 859 793 936 prodigin;
813 861 902 922 milite
926 861 956 920 in
976 861 1038 920 vul·

125 955 181 1013 gns
194 937 273 997 laeto
286 936 493 1029 sepooiaduois,
515 957 603 1019 quum
623 955 703 1015 spem
724 938 812 1018 magis
830 938 931 1017 ipsam,
952 959 1038 1017 quam

128 1031 248 1076 esuum
263 1035 334 1092 sper,
345 1016 510 1076 intueretur.

167 1093 220 1151 IV.
262 1095 455 1163 Hsuurnan,
476 1095 550 1174 quod
573 1093 632 1172 agri
658 1104 701 1154 est
725 1093 799 1152 inter
818 1093 974 1152 Cortonam
994 1115 1039 1154 ur·

129 1169 196 1230 bena
220 1171 477 1252 Trasimenumque
500 1173 604 1238 lanum,
619 1172 697 1232 omni
710 1170 793 1232 clads
806 1169 875 1230 belli
888 1183 1040 1248 pensatas,

126 1267 185 1326 quo
205 1252 297 1330 magis
316 1253 387 1310 iram
407 1251 484 1310 hosti
504 1250 541 1308 ad
560 1249 744 1309 vindicandas
765 1248 908 1309 sociorum
928 1246 1060 1326 injurius‘

125 1340 223 1388 acuat.
263 1331 303 1389 Et
321 1333 381 1408 jam
403 1341 591 1408 pervenerant
609 1327 647 1386 ad
670 1329 736 1386 locs
758 1323 866 1386 insidiis
889 1338 968 1400 nata,
989 1328 1039 1392 nbi

127 1406 254 1466 maxime
267 1418 379 1467 montes
393 1409 586 1467 Cortonenses
600 1405 785 1465 Trasimenus
804 1403 892 1466 subit.
912 1404 957 1464 via
976 1418 1039 1465 tan·

128 1494 192 1541 tum
205 1485 323 1545 interest
336 1497 518 1564 perangusta,
539 1485 668 1543 velutad
683 1483 712 1542 id
730 1484 823 1562 ipsunt
843 1485 881 1543 de
901 1483 1040 1543 industria

128 1561 229 1622 relicto
242 1564 354 1642 spatio:
374 1564 479 1623 deinde
495 1563 581 1640 paulo
601 1562 686 1620 latior
706 1560 829 1638 patescit
848 1579 976 1638 campus,
997 1564 1040 1620 iar-²

127 1639 166 1698 de
179 1641 269 1700 colles
282 1653 444 1715 assurgunt.
484 1640 530 1698 Ibi
543 1651 637 1698 castra
651 1639 678 1696 in
693 1649 792 1728 aperto
805 1638 891 1705 locat,
910 1639 960 1698 ubi
981 1639 1041 1716 ipse

128 1736 197 1776 com
217 1718 298 1776 Afris
315 1718 402 1776 modo
423 1715 615 1794 Hispanisque
636 1716 806 1776 consideret.
846 1717 974 1776 Baliares
994 1737 1041 1776 ee·

129 1807 279 1874 seramque
297 1795 388 1854 levem
413 1805 586 1852 armaturam
610 1804 674 1872 post
699 1807 812 1853 montes
835 1794 1041 1870 circumducits

128 1873 240 1951 equites
253 1873 291 1932 ad
309 1873 385 1951 ipsas
402 1873 501 1932 fauces
520 1872 621 1940 saltus,
642 1871 760 1931 tumulis
780 1881 847 1948 apte
868 1871 1042 1948 tegentibus¹
1095 1919 1099 1932 .

130 1950 229 2018 locst3
262 1964 303 2021 ut,
331 1951 380 2010 ubi
407 1952 561 2010 mtrsssent
588 1949 722 2020 Romani,
758 1952 875 2026 objecto
902 1948 1042 2026 equitatu,

129 2027 229 2088 clausa
238 2031 334 2087 omnia
347 2030 413 2087 lacu
426 2048 461 2087 ac
475 2029 621 2091 montibus
633 2040 741 2087 essent.
781 2027 938 2088 Flaminius
952 2046 1041 2104 quum

130 2105 223 2184 pridie
245 2106 313 2164 solis
336 2125 441 2164 occasu
469 2106 506 2164 ad
533 2105 628 2163 lacum
651 2105 834 2182 pervenisset,
861 2105 1042 2182 inexplorato

128 2195 247 2262 postero
268 2183 324 2248 die,
338 2183 455 2241 vixdum
469 2183 538 2242 satis
551 2183 630 2240 certa
643 2183 718 2251 luce,
732 2201 769 2240 au
810 2183 870 2242 stiis
891 2184 1040 2262 superatis,

128 2271 283 2354 postquam
298 2262 325 2320 in
338 2261 530 2396 patentiorem
551 2278 685 2337 campum
705 2277 762 2336 pan
784 2259 792 2316 i
812 2279 915 2338 agmen
935 2261 1041 2338 coepit,
1095 2333 1102 2343 ι

130 2341 159 2399 td
192 2353 304 2400 tantum
360 2340 474 2408 ostium,
508 2339 586 2418 quod
626 2357 663 2396 ex
702 2335 822 2396 adverso
862 2348 933 2406 erat,
973 2358 1042 2398 con-

129 2420 243 2496 spexit:
274 2421 310 2478 ab
339 2430 421 2494 tergo
448 2429 477 2476 et
504 2436 590 2494 super
617 2427 704 2494 caput
738 2413 881 2493 decepere
913 2416 1041 2476 insidiae.

132 2496 246 2556 Poenus
260 2498 320 2567 ubi,
333 2497 363 2554 id
376 2495 455 2574 quod
468 2496 600 2574 petierat,
615 2494 742 2554 clausum
756 2493 823 2552 lacu
841 2513 876 2554 ae
895 2495 1042 2552 montibus

129 2584 161 2634 et
174 2575 376 2636 circumfusum
391 2574 450 2630 suis
470 2572 560 2650 copiis
580 2572 681 2632 habuit
705 2572 829 2640 hostem,
850 2571 962 2646 signum
983 2589 1043 2626 om·

131 2653 217 2710 nibus
236 2653 285 2710 dat
306 2651 390 2708 simul
412 2650 574 2708 invadendi.
594 2650 642 2728 qui
666 2649 727 2716 ubi,
748 2649 806 2724 qud
825 2647 930 2784 cuique
950 2646 1044 2723 proxi·

132 2747 214 2786 munr
225 2729 290 2796 fuit,
304 2728 503 2794 decucurrere,
518 2747 553 2786 eo
573 2727 675 2802 magis⁴
687 2724 826 2783 Romanis
846 2742 878 2782 su
901 2723 941 2782 ita
958 2733 1044 2803 atqu'e

132 2805 286 2884 improvisa
307 2823 352 2863 res
373 2804 437 2873 fuit,
458 2803 545 2882 quod,
566 2813 630 2861 orta
649 2821 686 2860 ex
709 2801 784 2870 lacu,
806 2801 911 2868 nebula
930 2821 1040 2883 campo,

131 2902 217 2962 quam
246 2883 401 2951 montibus,
429 2881 544 2941 densior
570 2879 692 2950 sederat,
722 2879 891 2960 agminaque
917 2881 1041 2944 hostium

43 2967 45 2972 '
131 2981 171 3021 ex
185 2963 314 3042 pluribus
328 2961 448 3020 vallibus
462 2961 524 3039 ipsa
537 2959 612 3018 inter
628 2977 659 3019 re
679 2959 747 3018 satis
767 2977 837 3020 cons
874 2972 1043 3042 erasoque

132 3042 222 3180 mppis
241 3043 356 3120 pariter,
376 3040 611 3102 decucurrerunt.
651 3037 799 3099 Romanus
821 3056 945 3100 camore
965 3043 1041 3119 prius

133 3139 152 3178 u
194 3120 258 3198 ique
280 3130 355 3186 orto,
380 3137 465 3196 quom
492 3117 561 3176 satis
589 3129 728 3184 cerneret,
756 3134 788 3176 se
814 3115 1041 3196 cucumrentum

134 3212 198 3254 esse
210 3198 318 3264 senties
337 3207 447 3255 etanta
461 3195 491 3252 in
504 3195 628 3253 frontem
646 3195 794 3271 lateraque
816 3196 936 3272 pugnari
956 3217 1042 3274 coep«

72 3278 74 3286 '
133 3286 198 3331 tum
211 3286 264 3342 est,
278 3293 364 3352 quam
381 3273 450 3332 satis
469 3273 657 3331 instrueretur
674 3272 760 3340 acies,
782 3285 832 3332 aut
851 3275 978 3352 expediri
997 3293 1043 3332 ar·¹

134 3368 192 3419 rna,
207 3352 361 3430 stringique
374 3350 462 3429 gladii
475 3361 611 3428 possent:

138 3473 140 3476 .
175 3427 212 3486 V.
252 3429 391 3498 Consua,
405 3427 543 3506 perculsis
556 3428 698 3496 omnibus,
711 3426 774 3506 ipse
794 3426 872 3493 salis,
893 3435 925 3482 ut
941 3422 974 3484 in
989 3433 1044 3485 tre·

134 3508 201 3588 pide
222 3526 262 3578 rs,
287 3505 453 3584 impavidus,
475 3506 605 3567 turbatos
625 3503 748 3574 ordines,
771 3513 900 3562 metente
922 3516 954 3554 se
974 3518 1044 3576 quo-

133 3606 191 3666 que
203 3587 242 3647 sd
256 3584 387 3644 dismas
407 3585 554 3655 clamores,
576 3581 703 3718 ilprstrmt,
724 3591 756 3640 ut
777 3569 1045 3656 tenuatamque
