2406 3932
456 185 621 248 LIBER
652 185 766 246 XXill.
1002 194 1063 252 tas·

27 323 29 364 t
69 383 80 392 -
153 342 492 406 busaelrberisobviam
511 344 586 404 irent
607 341 774 404 Hannibali.
815 341 865 400 Ab
879 342 1016 400 universis
1028 345 1058 402 id

155 441 214 482 aon
234 423 400 482 obedienter
419 420 513 489 modo,
535 422 587 480 sed
608 421 695 491 enisa,
717 421 815 479 favore
828 419 914 478 etiam
927 418 1014 496 vulgi,
1029 433 1058 479 et

156 501 249 560 studio
282 498 390 558 visendi
422 509 465 556 tot
489 499 548 573 jam
574 499 699 558 victoriis
719 499 827 556 clarum
847 496 1058 573 imperatorem,

155 577 261 637 factrnn
285 589 339 636 est.
379 574 489 634 Decius
510 573 627 650 Magius
646 593 701 634 neo
720 575 834 633 obviam
855 593 985 652 egressam
1004 587 1057 644 est,

154 674 217 725 nec,
249 675 305 732 quo
335 653 467 712 timorem
496 645 677 741 aliquem'ex
697 651 871 710 conscientia
900 652 1059 744 significare

154 743 262 810 posset,
281 730 411 809 privatim
419 749 456 788 se
470 739 579 788 tenuit:
599 728 628 785 in
648 729 709 786 foro
729 747 796 786 cum
814 729 872 788 filio
892 731 1058 790 chentibus-

153 829 210 886 que
230 807 330 887 paucis
350 807 440 866 otiose
459 805 655 875 inambulavit,
676 806 834 884 trepidante
858 811 921 870 totis
943 809 1059 870 civitate

154 887 193 947 ad
214 885 415 964 excipiendum
436 883 564 943 Poenum
586 883 798 961 visendamque.
838 885 994 957 Hannibal,
1016 887 1059 946 in·

77 1005 82 1018 ,
154 967 268 1042 gressus
289 963 399 1031 urbem,
420 973 550 1020 senatum
570 961 715 1039 externplo
741 961 888 1040 postulat:
938 965 1059 1024 recanti·

154 1043 266 1119 busque
286 1041 353 1098 inde
372 1033 543 1118 primoribus
564 1040 785 1117 Campanorum,
805 1057 844 1100 ne
863 983 937 1117 qual
958 1060 993 1099 eo
1013 1043 1060 1100 die

154 1119 246 1178 seriae
257 1118 300 1178 rei
312 1116 581 1195 gereret‚·dieraque
595 1129 627 1176 ut
640 1117 711 1194 ipse,
725 1116 850 1176 adventu
872 1135 925 1174 suo
945 1117 1060 1186 festum,

154 1197 248 1256 belus
261 1215 297 1254 ao
309 1197 403 1254 libens
422 1195 599 1263 celebraret;
619 1213 781 1272 quanquam
795 1211 933 1272 praeceps
946 1194 1060 1270 ingenio

154 1275 185 1332 in
204 1275 276 1336 iram
289 1287 360 1342 erat,
374 1285 482 1344 tamen,
505 1292 543 1331 ne
564 1273 633 1350 quid
655 1273 684 1330 in
706 1272 845 1351 principio
868 1283 1003 1348 negaret,
1020 1273 1059 1330 vi·

154 1351 247 1412 senaa
259 1352 330 1412 urbe
342 1368 475 1428 magnam
489 1349 545 1410 diei
558 1362 669 1428 partem
680 1349 867 1442 consumpsit.

195 1428 278 1486 Vlll.
318 1428 537 1488 stsassrus
558 1441 602 1488 est
620 1427 698 1505 apud
717 1428 840 1486 Ninnios
854 1427 979 1498 Celeres,
994 1429 1058 1488 Ste-

154 1507 233 1566 nium
254 1505 478 1581 Pacuviumque,
498 1505 612 1562 inclitos
631 1505 781 1564 nobilitate
800 1525 835 1564 ac
862 1505 973 1564 divitiis.
1013 1505 1058 1564 Eo

155 1583 299 1644 Pacuvius
320 1581 462 1650 Calavius,
483 1581 597 1658 dequo
623 1591 691 1640 ante
717 1582 827 1642 dictum
850 1594 903 1653 est,
927 1583 1059 1662 princeps

153 1659 286 1720 factionis
299 1661 370 1796 epus,
395 1657 615 1736 quae'traxerat
636 1677 695 1716 rem
719 1659 757 1724 ad
778 1660 900 1734 i’oenos,
913 1660 1059 1738 tilium'ju-

154 1757 255 1798 venem
268 1737 304 1796 ad
327 1736 399 1806 uuit,
413 1737 590 1796 abstractum
606 1737 660 1796 abs
676 1737 761 1796 Decii
776 1737 866 1814 Magii
880 1738 978 1807 latere,
993 1739 1058 1796 culn

154 1835 211 1892 quo
230 1813 406 1874 ferocissime
428 1833 481 1891 pro
506 1813 638 1872 Romana
661 1815 800 1874 societate
822 1815 958 1874 adversus
972 1815 1059 1874 Puni·

154 1912 222 1952 oum
241 1892 342 1950 foedus
356 1901 494 1958 steteram
512 1910 647 1952 neceam
667 1904 717 1952 aut
740 1892 876 1964 inclinato
898 1894 927 1950 in
949 1903 1060 1970 partem

154 1970 274 2028 alteram
288 1969 396 2038 civitas,
409 1980 460 2028 aut
473 1969 564 2045 patria
577 1973 719 2047 majestas,
741 1971 884 2030 sententia
901 1971 1060 2048 depulerat.

155 2048 235 2106 Huic
249 2057 312 2105 tum
334 2058 416 2123 pater
435 2045 534 2122 juveni
557 2046 751 2105 Hannibalem
764 2047 946 2125 deprecando
960 2049 1060 2126 magis,

152 2139 241 2204 quarn
253 2123 412 2202 purgando,
426 2121 568 2200 placavit;
587 2123 736 2200 vietusque
754 2126 842 2200 patris
865 2127 998 2204 precibus
1018 2127 1059 2185 la·

154 2202 306 2280 armisque
319 2201 406 2261 etiam
419 2201 457 2258 ad
471 2218 590 2260 coenam
601 2220 667 2260 eum
681 2220 747 2259 cum
761 2213 842 2279 patre
853 2206 946 2262 vocari
957 2206 1059 2283 jussits

154 2282 202 2341 oui
215 2280 344 2340 convivio
360 2279 504 2338 neminem
529 2279 718 2356 Campanum,
742 2290 941 2359 praeterquam
962 2283 1059 2360 hospi·

154 2371 208 2426 tes,
222 2357 437 2435 dubelliu‘mque
456 2356 610 2428 Tauream,
623 2357 763 2433 insignem
785 2359 863 2417 bello
884 2359 984 2430 sirum,
1008 2359 1059 2416 ad·

154 2435 296 2495 bibiturus
316 2446 386 2494 erat.
426 2435 591 2512 Coeperunt
612 2435 720 2524 epulari
734 2435 771 2494 de
785 2436 841 2504 die,
856 2450 885 2495 et
898 2437 1060 2496 convivium

154 2533 214 2574 nou
227 2533 264 2572 ex
275 2529 356 2570 more
380 2511 500 2582 Punico,
524 2523 578 2570 aut
597 2513 711 2572 militari
724 2511 882 2590 disciplina,
897 2532 979 2579 esse;
999 2513 1059 2581 sed,

155 2590 232 2650 utin
245 2589 359 2647 civitate
373 2599 459 2666 atque
478 2589 564 2648 etiarn
582 2589 669 2648 domo
688 2590 843 2657 luxuriosa,
866 2589 998 2648 omnibus
1012 2609 1060 2646 vo-

155 2667 308 2745 luptatium
330 2665 471 2728 illecebris
494 2666 674 2724 instructum.
716 2666 799 2725 Unus
813 2684 868 2744 neo
881 2665 1060 2726 dominorum

100 2795 104 2806 ,
154 2744 332 2814 invitatione,
346 2762 402 2822 neo
423 2741 511 2820 ipsius
534 2742 677 2802 interdum
700 2742 880 2812 Hannibalis,
903 2744 1011 2804 Calavii
1030 2749 1062 2804 fi-

155 2824 219 2892 lius,
245 2821 358 2880 Perolla
381 2821 455 2879 vinci
480 2821 593 2898 potuit;
612 2819 674 2898 ipse
694 2819 889 2882 valetudinum
912 2843 1062 2894 excusans,

155 2913 236 2979 patre
250 2900 336 2958 animi
350 2917 462 2976 quoque
485 2901 548 2976 eJus
570 2897 649 2956 haud
671 2898 829 2966 mirabilem
851 2901 1064 2964 interturbatio-

155 2994 222 3038 nem
249 2991 395 3039 causante.
436 2976 510 3036 Solis
533 2976 622 3036 iernre
645 2993 750 3038 occasu
771 2992 882 3056 patrem
906 2980 1063 3048 Calavium,

156 3077 193 3116 ex
215 3055 346 3116 convivio
369 3073 523 3129 egressum,
545 3065 662 3114 secutus
684 3056 768 3125 filius,
793 3058 843 3116 ubi
864 3058 892 3117 in
921 3068 1064 3116 secretum

157 3134 270 3208 (hortus
293 3143 354 3190 erat
391 3129 508 3207 posticis
541 3133 657 3192 aedium
694 3134 834 3212 partibus)
858 3147 1066 3213 pervenerunt;

159 3221 178 3251 ⁴⁶
193 3206 376 3276 Consilium,”
402 3207 505 3285 inquit,
534 3220 552 3248 “
566 3209 664 3281 affero,
678 3221 769 3288 pater,
789 3231 845 3290 quo
872 3231 930 3270 non
953 3212 1065 3268 veniam

158 3297 178 3326 “
193 3285 285 3344 solum
306 3285 428 3362 peccati,
453 3285 530 3362 quod
551 3287 708 3348 defecimus
730 3290 767 3349 ad
789 3290 993 3352 Hannibalem,
1013 3286 1066 3342 im-

158 3363 331 3442 “patraturi
346 3365 382 3422 ab
399 3363 546 3432 Romanis,
561 3365 612 3426 sed
632 3367 662 3423 in
682 3367 772 3426 multo
794 3369 903 3440 majore
925 3361 1064 3437 dignitate

158 3453 222 3502 “et
249 3440 467 3528 gratii,·simus
495 3441 643 3522 Campani,
672 3462 758 3521 qnam
782 3459 907 3516 unquam
933 3438 1065 3502 fuimus.'’

1178 2999 1181 3050 l

1178 3119 1180 3157 t

1177 3173 1179 3198 ι

1177 3210 1179 3257 l

1176 3301 1178 3357 l

1174 3401 1177 3496 l
