2386 3930
176 182 233 240 aa
396 153 400 166 '
529 175 564 234 Τ.
590 171 733 234 a1v11

175 341 320 392 currerent
333 331 436 398 animo,
451 325 614 406 'subiretque
627 325 774 406 cogitatio,
792 328 852 404 jam
873 327 923 392 illa
936 336 1083 390 momento

175 409 262 477 horae
282 427 378 468 arsura
398 406 500 476 omnia,
514 418 544 464 et
564 405 602 466 ad
623 406 733 464 cineres
747 401 890 472 redituras
918 405 1086 484 priusquam

176 486 257 564 signa
285 483 477 546 Achradinam
503 483 677 552 admoveret,
698 482 853 562 praemittit
876 483 1086 562 Syracusanos,

175 565 222 642 qui
237 565 310 622 intra
323 561 462 640 praesidia
484 561 624 630 llomana,
639 573 672 620 ut
691 559 879 621 antedictum
892 571 944 629 est,
958 560 1087 632 fuerant,

176 654 208 702 ut
222 640 343 716 alloquio
357 639 414 696 leni
425 639 596 716 perlicerent
608 639 706 700 hostes
719 639 755 698 ad
768 637 929 698 dedendam
941 639 1054 698 urbem.

214 715 307 774 XXV.
368 717 548 776 Tanna-rtur
587 717 769 778 Achradinae
801 727 899 794 portas
931 733 1088 792 mumsque

175 793 298 852 maxime
321 794 495 872 transfugae,
519 795 623 873 quibus
648 795 726 854 nulla
749 805 810 854 erat
834 813 885 870 per
907 791 1088 868 conditiones

175 871 275 930 veniae
290 881 303 929 s
324 891 374 930 es:
394 872 414 930 ii
435 892 490 932 nec
513 874 591 932 adire
604 891 708 940 muros,
722 892 777 932 nec
791 871 906 948 alloqui,
921 887 1085 948 quenquam

196 949 260 1006 assi.
300 891 403 1026 llaque
425 950 589 1020 Marcellus,
603 963 753 1030 postquam
766 949 796 1008 id
809 950 957 1027 inceptum
974 948 1086 1006 irritum

174 968 239 1094 init,
263 1027 301 1086 ad
326 1026 482 1104 Euryalum
505 1029 586 1106 signa
608 1029 704 1086 referri
723 1028 816 1119 jussit.
837 1027 966 1086 tumulus
989 1024 1087 1086 estin

71 1094 72 1098 ¹
176 1117 305 1164 extrema
326 1118 407 1182 parte
428 1106 516 1175 urbis,
537 1124 632 1165 versus
656 1123 674 1163 a
697 1125 777 1175 marr,
791 1104 910 1182 viaeque
933 1103 1086 1162 imminens

176 1181 277 1240 ferenti
300 1181 329 1238 in
353 1201 436 1257 agros
457 1182 663 1242 mediterranea
684 1203 720 1244 ue
739 1183 857 1251 insulae,
881 1179 1087 1260 percommode

176 1257 246 1316 situs
272 1258 310 1314 ad
332 1271 510 1316 commeatus
533 1261 596 1320 exci
617 1203 725 1318 leudos.
778 1259 916 1318 Praeerat
937 1259 1006 1318 huic
1027 1256 1088 1317 arci

175 1332 359 1390 Philodemus
380 1334 513 1408 Argivus,
536 1338 573 1391 ab
596 1282 727 1412 Epicyde
750 1336 920 1412 impositus;
947 1337 983 1396 ad
999 1353 1086 1413 quem

173 1408 276 1468 missus
289 1427 307 1468 a
322 1407 470 1479 Marcello,
491 1409 578 1478 Sosis,
592 1429 666 1468 unus
679 1430 716 1472 ex
736 1409 968 1470 interfectoribus
987 1423 1087 1489 tyran·
1136 1419 1139 1422 '
1161 1422 1164 1429 '

175 1486 214 1556 ni,
236 1506 334 1564 quum,
348 1485 435 1566 longo
459 1507 591 1548 sermone
603 1487 712 1558 habito,
725 1487 829 1546 dilatus
850 1506 902 1564 per
924 1488 1088 1548 frustratio,

176 1584 242 1625 nem
263 1576 347 1633 esset,
365 1565 463 1625 retulit
479 1565 629 1636 Marcello,
653 1577 767 1644 tempus
783 1583 850 1623 enm
866 1563 903 1624 ad
923 1563 1089 1628 dehberan-

176 1642 246 1700 dum
269 1641 413 1702 sumsisse.
453 1645 551 1708 Quum
576 1644 601 1702 is
621 1643 697 1703 diem
724 1642 832 1702 dedic
858 1641 993 1712 differret,
1015 1642 1087 1700 dum

178 1720 373 1798 Hippocrates
385 1731 472 1797 atque
492 1721 620 1780 Himilco
633 1721 818 1780 admoverent
831 1731 926 1777 castra
946 1719 1089 1796 legiones·

177 1817 241 1878 que,
256 1797 333 1854 haud
347 1796 460 1864 dubius,
475 1797 497 1854 si
511 1797 540 1852 in
554 1815 649 1854 arcem
662 1796 821 1874 accepisset
842 1814 902 1865 eos,
916 1795 1004 1856 deleri
1026 1796 1088 1856 Ro·

175 1891 291 1936 manum
316 1872 473 1930 exercitum
500 1873 642 1940 inclusum
667 1875 756 1934 muris
782 1893 889 1952 posse3
918 1872 1088 1946 Marcellus,

175 1961 207 2009 ut
228 1947 383 2038 Euryalum
402 1967 496 2026 neque
518 1949 602 2018 tradi,
623 1969 718 2028 neque
738 1951 802 2030 capi
815 1951 884 2010 vidit
904 1969 998 2029 posse,
1012 1952 1088 2012 inter

177 2025 328 2103 Neapolim
352 2036 382 2084 et
403 2023 535 2104 Tycham
549 2029 676 2104 (nomina
698 2029 821 2108 partium
843 2028 931 2097 urbia,
945 2040 976 2087 et
998 2029 1089 2091 instar

175 2105 287 2163 urbium
309 2106 387 2178 sunt)
401 2105 497 2180 posuit
509 2116 612 2176 castra,
627 2107 739 2177 timens,
754 2126 800 2175 ne,
814 2107 839 2164 si
861 2105 1022 2183 frequentia
1043 2105 1090 2164 in·

166 2181 279 2242 'trisset
300 2181 374 2250 loca,
388 2181 527 2240 contineri
540 2184 578 2243 ab
603 2184 732 2246 discursu
755 2184 837 2243 miles
849 2183 949 2242 avidus
961 2181 1089 2260 praedae

174 2277 233 2318 nou
257 2269 363 2337 posset.
402 2258 505 2334 Legati
525 2277 560 2318 eo
574 2261 611 2322 ab
626 2261 728 2343 Jl'ycha
741 2271 770 2317 et
791 2259 913 2336 Neapoli
926 2276 994 2316 oum
1011 2259 1090 2325 infu-

172 2337 209 2396 lis
230 2348 259 2397 at
273 2335 440 2395 velamentis
452 2350 601 2408 venerunt,
614 2347 774 2414 precantes,
798 2346 831 2394 ut
854 2353 872 2392 a
895 2335 1034 2396 caedibus
1057 2350 1090 2400 et

178 2416 215 2476 ab
239 2413 377 2484 incendiis
404 2424 575 2490 parceretur.
628 2413 676 2474 De
700 2431 821 2490 quorum
842 2412 985 2548 precibus,
1000 2433 1092 2490 quam

175 2491 343 2582 postulatis,
352 2491 442 2566 magis
465 2491 583 2550 consilio
604 2490 714 2559 habito,
729 2489 841 2556 Marcel
854 2509 887 2552 us
908 2509 944 2550 ex
957 2491 1091 2550 omnium

178 2571 322 2632 sententia
334 2569 422 2630 edixit
438 2569 584 2639 militibus,
603 2569 717 2648 nequis
739 2567 862 2627 liberum
883 2586 985 2646 corpus
998 2567 1090 2648 yiola,

176 2659 242 2708 ret:
273 2661 369 2707 cetera
391 2645 516 2725 praedae
537 2647 643 2706 futura.
664 2659 815 2725 castraque
838 2646 923 2706 tectis
945 2645 1090 2724 parietum

178 2742 230 2800 pro
258 2741 340 2782 muro
364 2736 454 2802 septa.
481 2725 570 2804 portis
595 2725 712 2802 regione
737 2724 897 2804 platearum
923 2724 1090 2802 patentibus
1173 2787 1174 2796 ,

179 2799 318 2858 stationes
340 2801 537 2880 praesidiaque
550 2802 593 2860 dis
632 2802 698 2872 suit,
712 2821 749 2860 ne
763 2802 825 2878 quis
848 2800 878 2856 in
891 2799 1021 2862 discursu
1035 2801 1089 2860 mi-

177 2875 258 2937 litum
282 2874 406 2963 impetus
429 2878 459 2932 in
482 2889 576 2934 castra
608 2877 648 2936 eri
669 2890 775 2952 posset.
815 2875 896 2944 lude,
911 2875 994 2952 signo
1008 2878 1088 2949 dato,

177 2951 280 3016 milites
301 2950 515 3008 discurrerunt:
545 2951 729 3030 refractisque
750 2951 868 3020 foribus,
882 2970 971 3030 quum
991 2956 1090 3018 omnia

177 3045 284 3092 terrore
304 3045 339 3090 ao
358 3027 482 3088 tumultu
496 3039 663 3107 streperent,
678 3028 846 3088 acaedibus
866 3041 964 3090 tamen
978 3043 1089 3112 tempe-

178 3121 272 3172 ratum
296 3117 348 3169 est.
369 3106 475 3198 rapinis
495 3107 590 3168 nullus
609 3117 677 3168 ante
690 3107 793 3168 modus
811 3107 875 3178 fnit,
889 3127 979 3186 quum
991 3111 1089 3170 omnia
1171 3169 1173 3180 ,

178 3187 313 3248 diuturna
334 3184 470 3248 felicitate
484 3187 630 3248 cumulata
652 3187 730 3246 bons
742 3204 881 3264 egessera-
921 3185 1002 3246 Inter
1015 3189 1089 3250 haee

179 3275 209 3328 et
231 3263 424 3334 Philodemus,
439 3285 527 3346 quum
551 3283 616 3344 spes
639 3264 736 3324 auxilii
759 3263 838 3322 nulla
856 3275 942 3333 esset,
962 3265 1021 3328 fide
1040 3285 1089 3330 ao-

178 3361 214 3402 ce
235 3343 273 3412 ti,
288 3354 321 3402 ut
345 3343 493 3404 inviolatus
514 3345 552 3405 ad
573 3342 724 3424 Epicyden
736 3341 850 3412 rediret,
865 3341 991 3402 deducto
1003 3361 1087 3424 prae·

180 3419 203 3472 si
225 3419 261 3493 io,
276 3421 393 3483 tradidit
415 3422 557 3482 tumulum
578 3421 726 3483 Romanis.
766 3419 883 3482 Aversis
902 3419 1034 3480 omnibus
1047 3419 1088 3481 ad
