2386 3930
435 19 491 64 *a

131 263 189 322 258
238 307 240 312 -
486 263 522 324 Τ.
548 263 689 330 Lrvrt

132 415 220 474 metis
230 415 376 478 dedissem
388 419 470 488 vium,
491 420 676 498 pluribusque
697 419 776 479 idern
796 421 924 498 pertibus
948 422 1044 490 lieret,

134 505 218 570 coptu
239 497 299 572 Jam
313 497 436 573 undique
456 508 550 556 castra
569 511 666 559 erant:
697 499 781 576 pauci
801 501 838 559 ab
854 498 961 568 multis
977 514 1046 576 per·

134 571 261 649 celsique
281 593 300 631 a
312 575 474 653 victoribus,
488 577 595 652 passim
608 577 809 644 caedebantur.
850 577 960 652 Magna
973 595 1045 654 pers

133 661 231 708 tamen
245 652 375 719 militum
395 673 482 730 quum
504 655 534 710 in
552 657 730 733 propinquas
743 655 893 732 refugisset
904 654 996 724 silum,
1011 654 1044 712 in

135 741 228 788 castra
242 729 275 784 P.
290 730 439 807 Scipionis,
454 733 558 809 quibus
579 733 614 790 Τ.
629 735 763 812 Fonteius
777 734 888 810 legatus
901 743 1044 810 praeerat,

133 806 327 881 perfugerant.
369 809 423 868 Cn.
445 812 610 888 Scipionem
628 813 674 870 alii
696 814 726 869 in
748 812 860 870 tumulo
880 812 973 888 primo
990 809 1046 868 im·

133 896 202 958 potu
220 884 344 944 hostiurn
366 907 480 946 caesena
495 890 629 947 tradunt:
657 889 703 946 ulii
725 908 791 947 curn
811 890 911 967 paucis
930 889 959 945 in
978 905 1045 965 pro·
1102 959 1105 964 Ι

133 960 269 1038 pinquum
291 967 392 1024 eastris
410 969 511 1024 turrira
523 967 686 1044 perfugisse.
706 967 783 1026 lianc
804 969 863 1044 igni
885 966 1046 1026 circumde-

135 1053 204 1109 tam,
219 1055 306 1118 atque
330 1043 379 1112 ita,
394 1046 502 1104 exustis
515 1045 633 1112 foribus,
652 1064 723 1122 quus
736 1047 815 1104 nulli
827 1045 920 1104 moliri
943 1055 1049 1122 potue-

133 1133 201 1176 runt
226 1121 261 1189 vi,
276 1133 406 1197 capitum
436 1143 595 1199 omnesque
614 1123 691 1201 intus
705 1143 771 1182 cum
791 1125 853 1200 ipso
873 1124 1048 1203 imperatore

135 1198 253 1255 occisos.
294 1202 386 1256 Anno
396 1213 506 1269 octavo,
521 1211 671 1277 postquam
689 1202 718 1258 in
733 1203 903 1278 Hispaniam
917 1209 1047 1270 venenet,

135 1277 189 1334 Cn.
211 1277 316 1351 Scipio,
338 1277 559 1352 undetrigesimo
577 1278 624 1335 die
647 1289 713 1354 pust
732 1280 826 1338 fratris
848 1291 979 1347 mortem,
1001 1292 1048 1340 est

132 1352 308 1410 interiectus.
348 1352 460 1408 Luctus
482 1373 518 1409 err
541 1365 633 1410 monte
655 1374 753 1410 eorum
774 1374 834 1414 nou
857 1357 1049 1415 Romaemu-

129 1433 183 1504 jor,
198 1447 283 1504 quam
308 1447 358 1505 per
372 1439 462 1486 totam
476 1429 656 1506 Hispaniam,
668 1429 731 1488 fnit.
771 1432 848 1494 Quin
869 1433 947 1507 apud
966 1435 1049 1492 ciues

133 1520 242 1586 partem
264 1507 372 1566 doloris
391 1519 421 1566 et
434 1509 576 1566 exercitus
590 1508 694 1576 amissi,
708 1518 738 1565 et
751 1507 873 1568 alienata
888 1509 1046 1584 provincie,

134 1587 301 1662 etpublica
323 1587 455 1645 trahebat
480 1587 598 1645 clades:
630 1587 787 1663 Hispaniae
808 1587 886 1664 ipsos
904 1586 1046 1661 lugebunt

134 1666 393 1742 desiderabantque
407 1666 514 1733 ducem
535 1666 665 1724 Gnaeum
685 1676 781 1724 tamen
798 1665 897 1742 magis,
912 1680 971 1742 quo
982 1663 1047 1722 diu-

133 1745 190 1802 tius
214 1745 376 1820 praefuerat
397 1744 439 1812 iis,
454 1743 586 1820 priorque
604 1756 634 1802 et
656 1743 780 1801 favorem
794 1754 994 1820 occupaverat,
1015 1755 1047 1801 et

134 1825 279 1899 specimen
311 1821 438 1898 justitiae
465 1818 726 1897 temperantiaeque
755 1821 907 1880 Romame
937 1823 1049 1898 primus

134 1902 262 1958 dederat.

173 1977 329 2035 XXXVII.
370 1979 470 2039 Quum
484 1976 598 2034 deletus
615 1977 759 2036 exereitus
779 1977 955 2056 emissaeque
976 1980 1047 2038 His·

134 2056 235 2133 paulae
249 2053 421 2112 viderentur.
440 2055 482 2110 vir
502 2071 581 2114 unus
596 2075 641 2113 res
664 2056 790 2134 perditus
803 2057 935 2115 restituit.
974 2057 1047 2118 Erat

107 2163 109 2168 ·
133 2138 163 2192 in
177 2133 304 2190 exercitu
319 2132 356 2190 L.
369 2133 508 2202 Marcius,
532 2134 655 2210 Septimi
670 2135 753 2203 iulius,
775 2155 862 2212 eques
887 2135 1046 2206 Romanus,

133 2212 252 2287 impiger
273 2213 396 2288 juvenis,
422 2213 565 2288 animique
592 2226 623 2270 et
645 2213 751 2288 ingenii
777 2214 930 2288 aliquante,
959 2233 1047 2289 quam

132 2309 184 2368 pro
204 2291 328 2356 l'ortuna,
342 2290 374 2346 in
386 2309 442 2366 qun
462 2301 523 2346 erat
544 2299 637 2358 natus,
652 2292 776 2366 majoris.
791 2291 828 2348 sd
842 2307 982 2346 summam
1002 2292 1047 2350 in·

134 2369 229 2428 dalem
254 2379 412 2426 accesserat
438 2367 492 2425 Cn.
517 2367 656 2443 Scipionis
676 2366 902 2444 disciplinn,sub
945 2409 946 2414 κ
995 2389 1048 2446 per

134 2461 178 2508 tut
192 2464 282 2506 annos
303 2465 402 2506 ornnes
422 2446 539 2502 militiae
560 2455 634 2503 artes
651 2445 771 2503 edoctus
783 2445 887 2504 iuerat.
959 2447 995 2514 iu,
1016 2460 1051 2507 et.

135 2547 172 2586 ex
195 2527 264 2602 fuga
285 2525 412 2584 collectis
433 2524 578 2590 militibus,
599 2537 628 2582 et
650 2523 821 2601 quibusdam
842 2523 879 2583 de
899 2524 1049 2602 praesidiis

50 2611 52 2624 '
135 2607 277 2673 deductis,
292 2605 369 2662 haud
384 2603 628 2662 contemnendum
645 2603 804 2662 exereitum
815 2602 934 2670 fecerat,
943 2605 1047 2680 junxe·

135 2697 236 2758 ratque
257 2703 322 2741 cum
338 2683 385 2740 Τ.“
395 2683 526 2758 Fonteju,
549 2681 584 2739 P.
607 2681 747 2759 Scipionis
767 2681 872 2757 legato.
913 2681 972 2740 seu
985 2691 1048 2739 tun-

99 2777 197 2840 „vrum
220 2762 359 2836 praestitit
384 2781 472 2838 eques
497 2761 646 2818 Romanus
665 2759 835 2818 auctoritate
854 2759 931 2818 inter
944 2758 1055 2818 urilites-

135 2852 222 2914 atque
235 2839 354 2906 honore,
369 2851 412 2906 ut,
427 2839 526 2896 castris
540 2838 611 2897 citus
625 2839 742 2896 lberam
755 2837 945 2904 communitis,
960 2848 1050 2912 quum

37 2930 41 2938 '
135 2918 239 2976 ducem
263 2917 442 2972 exercituum
468 2916 590 2972 comitiis
616 2915 784 2974 militaribus
809 2913 897 2969 creari
925 2913 1050 2989 placule.

135 3011 189 3062 set,
204 2993 361 3075 subeuntes
381 2991 428 3048 alii
452 2990 513 3046 aliis
534 2991 562 3046 in
583 2989 742 3047 custodiam
756 2988 821 3046 valli
843 2989 1048 3070 stationesque,

136 3077 229 3136 donec
243 3090 293 3150 per
306 3087 404 3127 omnes
426 3067 590 3144 suffragium
613 3068 675 3136 iret,
690 3067 728 3124 ad
741 3067 776 3124 L.
790 3067 1049 3130 Marciumcuneti

136 3168 277 3212 summam
298 3149 406 3226 imperii
434 3148 598 3206 detulerint.
640 3146 736 3205 Omne
759 3146 826 3204 inde
839 3157 952 3225 tempus
976 3149 1049 3225 (exin

134 3251 223 3309 guum
247 3229 276 3286 id
300 3229 364 3303 fuit)
388 3227 549 3286 muniendis
570 3226 682 3296 eastris,
701 3225 952 3303 convehendisque
970 3246 1049 3288 cum·

135 3310 287 3376 meatibus,
300 3318 520 3384 consumptum:
544 3318 575 3364 er
588 3305 683 3363 omnia
702 3303 820 3381 imperia
833 3303 947 3372 milites,
961 3323 1050 3382 qaum

134 3387 263 3522 terr
291 3380 883 3524 ‘iiteiwdqffliulim‘biiimiiii'
903 3401 1049 3520 gesele-

135 3508 300 3603 venieuieru
312 3483 516 3628 ad'reiiiilq’usso
524 3483 593 3608 bblffi
606 3540 752 3618 delendus,
767 3540 902 3602 transisse
921 3479 1050 3614 m
