2386 3930
178 175 236 234 284
529 169 564 230 T.
592 171 733 236 tivit

179 326 331 406 pollicitus,
346 327 375 386 in
399 330 558 404 praesentia
570 328 630 388 duo
650 329 739 386 millia
757 329 885 408 equitum
897 349 965 390 cum
986 329 1091 408 legetis

179 406 274 472 mittit,
297 426 354 484 quo
376 405 610 486 praesidio'agros
633 407 865 484 populationibus
888 423 1007 486 possent
1023 428 1091 486 pro-

179 483 288 542 hibere.
338 484 473 541 Rotnanis
496 483 618 552 interim,
641 486 716 543 sicut
743 486 858 544 aliarum
885 507 990 556 rerum,
1015 487 1092 544 ercis

179 563 360 629 Tarentinae,
385 561 582 638 praesidiique,
597 565 674 640 quud
696 564 735 622 ibi
758 565 943 633 obsideretur,
959 577 1030 622 cura
1044 584 1092 622 es·

180 659 219 699 sc.
269 637 302 698 C.
327 639 470 698 Servilius
484 641 606 716 legatus,
628 661 663 700 ert
684 643 854 701 auctoritate
874 643 989 701 Parrum
1014 661 1033 702 a
1054 641 1093 699 P.

180 719 311 778 Cornelio
333 729 464 793 praetore
489 719 517 774 in
543 719 685 776 Etruriam
706 721 742 776 ad
761 719 935 780 frumentum
955 722 1093 778 coemen-

178 797 246 852 dum
262 795 372 864 missae,
388 815 455 853 cum
476 796 584 873 aliquot
598 799 717 855 navibus
731 800 840 856 onustis
854 800 882 856 in
903 811 1016 878 portum
1030 797 1092 856 Ta·

177 877 321 932 rentinum
345 875 418 932 inter
437 873 563 932 hostium
587 876 728 934 custodias
750 878 887 952 pervenit.
928 877 1018 954 Cujus
1038 876 1091 932 ad·
1176 943 1177 952 χ

178 965 275 1020 ventu,
291 953 339 1030 qui
362 964 437 1018 ante,
459 952 487 1008 in
510 953 613 1029 exigua
633 973 693 1029 spe,
708 955 803 1012 vocati
823 974 908 1031 saepe
929 954 966 1012 ed
987 953 1092 1012 transi·

178 1031 285 1088 tionem
308 1033 345 1090 ab
369 1030 499 1088 hostibus
522 1051 572 1106 per
586 1031 726 1107 colloquia
746 1045 836 1100 erant,
852 1035 926 1090 ultro
947 1033 983 1090 ad
998 1046 1092 1090 trans-

179 1110 306 1168 eundum
329 1109 427 1166 hostes
446 1111 588 1166 vocabant
614 1109 871 1187 sollicitabautque.
891 1123 920 1168 et
940 1122 1002 1168 erat
1022 1109 1094 1167 satis

177 1189 301 1245 validum
327 1187 506 1262 praesidium,
529 1185 667 1244 traductis
689 1190 726 1246 ad
749 1207 845 1246 arcem
868 1188 985 1248 Tarenti
1007 1195 1094 1246 tuen·

177 1267 254 1332 dam,
271 1265 317 1338 qui
339 1265 502 1338 Metaponti
527 1279 616 1333 erant,
632 1265 777 1323 militibus.
818 1267 920 1342 ltaque
935 1266 1092 1341 Metopon·

178 1344 228 1398 tini
251 1341 405 1414 extemplo,
427 1353 587 1414 metuque
611 1343 792 1410 tenebantur,
807 1344 928 1411 liberati,
943 1343 981 1400 ud
1005 1343 1092 1400 Han·

176 1419 301 1478 nibalem
314 1417 456 1474 defecere.
496 1417 565 1474 Hoc
587 1417 662 1474 idern
677 1419 778 1476 eadem
794 1421 844 1476 orsi
858 1421 943 1476 maris
964 1435 994 1478 et
1010 1421 1093 1478 Thu·

177 1493 382 1554 rinifecetunt.
396 1493 484 1551 movit
499 1513 549 1552 eus
569 1515 628 1552 non
648 1494 866 1552 Tarentinorum
885 1497 976 1571 magis
990 1497 1093 1556 defec-

178 1577 228 1643 tio,
256 1575 590 1652 Metapontinorumque,
619 1575 731 1651 quibus,
758 1573 883 1632 indidem
910 1593 947 1630 ex
974 1574 1093 1634 Achaia

178 1655 299 1723 oriundi,
315 1655 402 1712 etiam
417 1653 588 1727 cognatione
609 1653 700 1730 juncti
719 1665 809 1720 erant,
824 1671 909 1729 quarn
923 1651 964 1708 ita
977 1653 1005 1708 iu
1029 1651 1091 1711 Ro·

144 1737 148 1742 ’
178 1753 279 1792 manos
299 1745 415 1810 propter
427 1731 543 1788 obsides
557 1749 647 1806 nuper
667 1731 840 1786 interfectos.
880 1730 989 1786 Eorum
1003 1731 1091 1791 amici

178 1813 349 1887 cognatique
370 1811 464 1870 literas
479 1827 513 1864 ac
536 1809 655 1865 nuncios
668 1807 705 1862 ad
728 1809 902 1878 Hannonem
917 1807 1090 1882 Magonem·

177 1909 241 1966 que,
264 1889 311 1963 qui
338 1888 366 1942 in
394 1886 553 1962 propinquo
579 1886 608 1940 in
637 1885 755 1942 Bruttiis
782 1897 872 1953 erant,
897 1886 1044 1956 miseruut,
1066 1888 1090 1946 si

177 1965 334 2024 exercitum
353 1963 390 2019 ad
411 1964 525 2020 moenia
537 1963 742 2031 admovissent,
757 1983 788 2020 se
807 1963 835 2020 in
852 1974 1027 2040 potestatem
1040 1983 1090 2022 eo-

176 2064 238 2101 rum
264 2043 363 2099 urbem
388 2041 545 2098 tradituros
567 2061 639 2100 esse.
680 2042 724 2098 M.
746 2041 861 2098 Atinius
884 2041 998 2100 Thuriis
1022 2061 1090 2100 cum

175 2121 289 2178 modico
307 2119 449 2196 praesidio
463 2133 603 2197 praeerat,
618 2139 702 2197 quem
716 2120 800 2178 facile
814 2119 878 2177 elici
891 2120 929 2176 sd
942 2132 1090 2178 emtamen

174 2212 284 2258 temere
308 2198 464 2257 ineundum
487 2201 624 2256 rebantur
647 2217 753 2275 posse;
781 2212 839 2253 non
861 2197 991 2264 militum,
1016 2215 1090 2273 quos

175 2297 334 2356 perpaucos
359 2277 493 2343 habebat,
517 2277 639 2340 fiducia
655 2295 738 2352 quam
759 2274 917 2349 juventutis
931 2272 1091 2334 Thurinae.
1176 2291 1177 2296 ¹

177 2375 241 2416 eam
266 2375 303 2414 ex
325 2354 462 2412 industria
485 2354 693 2411 centuriaverat
714 2363 927 2427 arnraretatque
951 2351 990 2408 ad
1013 2352 1089 2414 totos
1128 2418 1138 2434 ι

175 2455 269 2496 casus·
309 2434 415 2491 Divisis
427 2433 517 2510 copiis
531 2431 604 2488 inter
617 2449 656 2496 se,
670 2430 760 2488 duces
780 2429 869 2486 Poeni
884 2447 973 2504 quum
986 2448 1089 2504 ugrum
1115 2495 1122 2506 ,

177 2516 338 2574 Thurinum
352 2514 470 2589 ingressi
484 2523 596 2576 essent;
617 2508 724 2565 Hanno
738 2527 803 2565 curn
823 2507 951 2584 peditum
972 2508 1094 2581 agmine.

178 2594 288 2652 infestis
309 2593 395 2668 signis
418 2592 458 2650 ire
473 2590 508 2647 ad
524 2591 623 2646 urbem
644 2587 746 2664 pergit,
763 2585 853 2662 Mago
868 2605 933 2644 cum
948 2585 1088 2662 equitatu,

173 2683 272 2730 tectus
286 2672 407 2730 collibus
431 2669 468 2733 ad
489 2667 630 2745 tegendas
653 2665 768 2724 insidias
788 2664 935 2743 oppositis,
950 2663 1089 2724 subsistit.

177 2749 303 2815 Atinius,
319 2751 446 2824 peditum
468 2761 579 2810 tanturn
601 2745 714 2820 agmine
738 2762 788 2820 per
801 2743 995 2818 exploratores
1010 2759 1088 2801 cotti-

175 2836 267 2902 perto,
291 2825 320 2882 in
345 2829 435 2882 aciem
460 2826 557 2900 copias
582 2823 686 2890 educit,
708 2835 737 2878 et
757 2819 863 2876 fraudis
886 2821 1038 2894 intestinae
1058 2831 1089 2879 et

172 2901 302 2962 hostium
329 2902 493 2956 insidiarum
519 2901 644 2972 ignarus.
704 2896 840 2953 Pedestre
867 2895 1006 2971 proelium
1033 2896 1087 2957 fuit

176 2997 324 3062 persegne,
347 2977 447 3050 paucis
470 2976 498 3030 in
523 2975 613 3050 ptitna
631 2972 694 3030 acie
718 2971 913 3046 pugnantibus
938 2971 1087 3044 Romanis,

179 3057 313 3122 Thurinis
328 3053 569 3131 exspectantibus
593 3050 690 3126 magis,
716 3067 802 3126 quam
826 3049 1037 3126 adjuvantibus,
1055 3071 1086 3112 e·

176 3151 313 3200 ventumt
334 3148 362 3194 et
384 3130 664 3210 Karthaginiensium
678 3129 755 3186 acies
769 3127 806 3186 de
826 3128 964 3186 industrie
983 3131 1087 3206 ρεᾱεω

176 3217 328 3286 referebat,
343 3225 375 3272 ut
388 3213 423 3270 ad
446 3224 526 3288 terga
540 3209 620 3270 collis
634 3210 670 3267 ab
686 3207 781 3285 equite
795 3225 847 3264 suo
861 3207 960 3264 insessi
975 3207 1087 3267 hostem

174 3302 323 3359 incautum
344 3292 527 3372 pertraheret.
569 3291 634 3353 Quo
650 3288 698 3346 ubi
712 3298 827 3344 ventum
849 3298 902 3353 est,
916 3285 1006 3346 coorti
1020 3305 1087 3346 cum

115 3372 117 3383 ’
174 3379 311 3442 clamore,
335 3374 445 3452 equites
469 3388 590 3448 pmpere
616 3365 790 3426 inconditam
813 3363 1005 3422 Thurinorum
1027 3374 1087 3422 tut·-
1176 3379 1177 3384 ’

174 3454 253 3526 bani,
267 3473 323 3514 nec
342 3453 412 3513 satis
432 3451 489 3511 fido
503 3449 607 3518 aomo,
622 3445 699 3506 unde
718 3444 875 3526 pugnabat,
890 3453 1020 3514 stantem,
1034 3458 1087 3504 ex·
