2534 4010
126 342 129 345 ἢ
194 247 269 329 aa
343 261 345 266 ’
548 246 752 313 aaran

194 411 296 479 locat:
325 408 442 468 vixdum
469 409 538 468 satis
566 410 696 480 credens,
727 405 921 470 Hannibalem
950 413 1111 489 superassew

195 491 360 570 Pyrenaeos
373 499 495 548 montes.
515 507 601 566 quem
622 500 655 546 ut
675 490 712 548 de
727 489 861 548 Rhodani
881 507 995 568 quoque
1009 503 1102 549 traus-

195 570 238 626 itu
265 567 374 644 agitare
406 566 617 634 animadvertit,
651 567 787 636 incertus,
821 585 946 646 quonam
976 568 1002 626 ei
1036 569 1103 627 loco

195 657 376 714 cucumeres,
391 644 516 703 necdum
540 645 609 703 satis
628 646 744 706 refectis
763 649 800 705 ab
818 646 976 723 jactatione
995 646 1105 703 mariti-

152 755 165 776 .
196 739 244 780 ma
263 722 410 791 militibus,
430 731 574 780 trecentos
596 723 709 783 interim
730 724 859 782 delectos
880 724 1001 802 equites,
1021 723 1103 782 duci·

195 803 251 860 bus
266 800 494 860 Massiliensibus
508 811 538 859 et
551 801 736 860 auxiliaribus
751 801 852 872 Gallis,
874 803 911 862 ad
924 801 1103 879 exploranda

196 879 292 937 omnia
311 875 500 956 visendosque
523 897 561 937 ex
581 890 644 936 tuto
664 881 762 939 hostes
780 881 950 958 praemittit.
990 881 1108 940 timot·

195 957 370 1034 beleuteris
397 970 476 1016 metu
500 969 549 1015 aut
570 957 663 1032 pretio
676 957 795 1034 pacatis,
813 961 873 1034 Jam
895 959 925 1016 in
953 959 1104 1018 Volcarum

196 1045 364 1114 pervenerat
377 1053 486 1113 agrum,
511 1034 605 1112 gentis
625 1035 746 1093 validae.
787 1035 895 1094 Colunt
916 1047 1014 1094 autem
1028 1037 1105 1094 circa

197 1125 358 1192 utramque
375 1115 464 1192 ripam
496 1111 653 1170 Rhodani:
687 1111 746 1184 sed,
775 1111 855 1172 drffisr
883 1123 1104 1189 ettenore'agro

195 1193 285 1250 arceri
300 1193 429 1248 Poenum
443 1209 536 1268 posse,
549 1203 590 1268 ,tlt
613 1191 721 1251 flumen
744 1211 797 1271 pro
816 1191 994 1250 munimento
1014 1191 1105 1249 habe·

195 1281 268 1336 rent,
296 1269 429 1326 omnibus
447 1269 537 1328 ferme
568 1268 626 1328 suis
655 1281 734 1328 trans
766 1269 940 1328 Rhodanum
966 1269 1103 1346 trajectis,

196 1346 358 1404 ulteriorem
372 1346 462 1423 ripam
477 1346 568 1405 amnis
588 1347 674 1406 armis
693 1347 874 1406 obtinebant.
915 1349 1035 1408 Ceteros
1056 1365 1103 1406 ao·

196 1423 412 1482 oolasliumiais
426 1424 583 1492 Hannibal,
605 1435 635 1483 et
658 1433 758 1484 eorum
781 1425 906 1502 ipsorum
928 1445 999 1502 quos
1020 1425 1104 1483 sedes

196 1511 265 1577 suae
278 1513 439 1571 tenuerant,
464 1503 547 1561 simul
569 1503 681 1579 perlicit
696 1501 794 1576 umis
808 1501 845 1560 ad
868 1515 960 1561 nares
978 1501 1104 1579 undique

196 1579 406 1638 contrahendas
425 1581 680 1659 lbbucandasque:
711 1579 795 1640 simul
818 1590 849 1640 et
866 1580 922 1658 ipsi
941 1579 1033 1658 trajici
1054 1595 1104 1638 ex·

193 1656 326 1728 ercitum,
354 1659 497 1738 levarique
520 1661 729 1737 quamprimum
750 1661 898 1734 ¹regionem
918 1677 1000 1716 snam
1020 1657 1106 1715 tanta

197 1747 317 1813 urgente
346 1737 494 1796 hominnm
521 1739 624 1802 turba,
650 1737 813 1810 cupiebant.
866 1736 970 1866 ltapue
1002 1727 1104 1814 ingens

195 1827 297 1874 coacta
310 1816 353 1872 vis
365 1817 480 1872 narium
493 1825 546 1877 ert,
570 1809 753 1884 lintriumque
768 1820 877 1868 temere
900 1825 917 1866 a
950 1810 1103 1868 vicinalem

196 1908 279 1948 usam
303 1899 483 1966 paratarum:
511 1899 657 2018 novasrpue
677 1885 746 1943 alias
761 1885 883 1962 primum
905 1886 1104 1945 Galli-incho-

195 1975 277 2038 antes
303 1966 445 2022 cavabant
466 1979 503 2021 ex
527 1964 647 2038 ¹singnis
671 1961 839 2025 arboribus:
872 1963 978 2024 deinde
998 1977 1028 2022 et
1048 1965 1103 2042 ipsi

195 2041 299 2100 milites
326 2041 409 2099 simul
437 2041 521 2120 copia
548 2041 694 2115 materiae,
722 2041 805 2106 simul
827 2042 971 2105 facilitate
998 2043 1102 2121 operis,

153 2169 158 2173 .
194 2119 313 2186 inducti,
328 2119 424 2178 alveos
444 2117 589 2192 informes,
613 2122 703 2200 (nihil,
728 2123 885 2182 dummodo
897 2123 996 2180 innare
1010 2139 1103 2196 aquae
1192 2118 1197 2122 ’
1218 2097 1219 2142 l

195 2191 234 2256 et*
247 2215 352 2276 capere
373 2217 461 2259 onera
483 2211 611 2278 possent,
634 2203 779 2276 curantes)
808 2200 911 2275 quibus
932 2218 964 2256 se
993 2215 1104 2274 suaque

194 2277 421 2344 transveherent,
441 2277 544 2354 raptim
557 2274 712 2336 faciebant.

234 2353 363 2411 XXVII.
393 2355 529 2417 landus
552 2354 686 2417 omnibus
706 2353 775 2412 satis
795 2353 967 2430 comparatis
988 2351 1024 2410 ad
1046 2364 1104 2410 tra·

192 2431 358 2510 jiciendum,
383 2433 538 2490 terrebant-
550 2449 586 2490 ex
609 2433 728 2490 adverso
748 2432 856 2500 hostes,
876 2449 991 2494 omnem
1012 2432 1103 2510 ripam

196 2510 308 2590 equites
320 2508 428 2590 virique
448 2511 633 2568 obtinentes:
661 2527 731 2586 quos
753 2521 785 2568 ut
809 2521 959 2580 averteret,
984 2511 1104 2568 Hanno·

196 2608 261 2648 uem
276 2588 444 2649 Bomilcaris
463 2589 561 2656 filium,
572 2588 681 2666 uigilia
700 2587 913 2666 primai'noetis,
932 2592 1002 2648 'cum
1022 2597 1104 2668 parte

195 2669 351 2740 oopiurum
380 2667 504 2728 maxime
525 2667 672 2746 Hispanis,
701 2667 823 2728 'adverso
850 2667 968 2726 flumine
988 2669 1029 2725 ire
1049 2667 1105 2724 iter

196 2742 279 2798 unius
293 2743 350 2798 diei
367 2748 471 2818 jubet;
501 2759 540 2815 et,
561 2748 612 2804 ubi
631 2746 754 2820 primum
774 2746 872 2819 possit,
894 2761 979 2818 quam
1006 2742 1104 2798 occul·

195 2817 304 2876 tissime
324 2823 445 2894 trajecto
470 2824 556 2886 amni,
577 2821 792 2876 circumducere
814 2835 928 2890 agmen,
952 2829 994 2885 ut,
1015 2835 1103 2892 quum

196 2910 269 2970 opus
283 2894 361 2950 facto
375 2895 421 2958 sit,
436 2895 582 2952 adoriatur
604 2895 647 2950 ab·
656 2905 738 2968 tergo
760 2892 882 2948 hostem.
924 2894 974 2951 Ad
993 2893 1024 2949 iu
1043 2889 1103 2950 tlati

197 2971 286 3028 duces
298 2969 375 3027 Galli
388 2970 520 3048 edocent,
536 2970 604 3028 inde
628 2968 715 3026 millia
737 2968 862 3046 quinque
885 2980 916 3028 et
936 2970 1035 3048 viginti
1048 2969 1104 3030 ier·

195 3064 351 3126 mesupra
365 3065 470 3126 parvae
483 3049 593 3106 insulae
606 3045 809 3106 ciroumfusum
824 3065 947 3124 amnem,
963 3049 1106 3121 latiorem,¹

196 3125 246 3182 ubi
259 3125 448 3196 dividebatur,
463 3145 557 3206 eoque
576 3125 751 3185 minusssalto
769 3125 864 3195 alveo,
886 3127 1039 3186 transitum
1057 3147 1104 3188 os-

196 3201 324 3262 tendere.
344 3204 383 3262 ibi
398 3207 500 3282 raptim
521 3223 607 3265 caasa
626 3203 754 3273 materia,
775 3213 911 3281 ratesque
934 3205 1105 3276 fabricatae,

196 3282 226 3338 in
240 3281 345 3359 quibus
357 3283 423 3360 equi
436 3284 544 3364 virique
557 3293 587 3343 et
600 3283 656 3342 alia
678 3301 766 3342 onera
789 3282 1007 3360 trajicerentnrt'
1026 3285 1104 3342 ills·

197 3360 416 3436 peni-rineulla
424 3364 508 3433 mole,
532 3361 563 3420 in
584 3373 662 3422 utres
685 3361 861 3438 vestimentis
882 3363 1028 3440 conjectis,
1049 3359 1103 3436 ipsi

198 3439 303 3520 caetris
320 3441 475 3532 suppositis
488 3443 683 3510 incubantes,
716 3441 823 3498 flumen
853 3451 1034 3500 tranavere.¹
1066 3437 1104 3498 at

248 3533 271 3572 'a
288 3533 443 3598 exarcatus,
464 3522 574 3584 rabbus
601 3519 709 3602 junctis
729 3521 875 3609 trajectus,
895 3518 1103 3594 caausprope
