2406 3932
144 191 201 248 rso
321 267 325 274 ι
476 183 763 277 :saivari

140 343 235 400 ferme
243 341 298 400 tria
320 338 409 398 millia
422 347 457 398 et
474 341 650 420 septingenti
662 339 750 419 capti,
765 350 795 400 et
817 341 898 418 signa
910 341 1064 408 militaria,

328 405 335 430 ἱ

141 429 251 496 septem
266 431 298 478 et
310 417 418 495 viginti.
469 465 473 476 ,
510 453 512 458 .

135 503 139 507 “
180 496 261 568 ΧΗ.
300 498 395 554 Anas
418 496 637 557 omniaclaram
647 508 678 558 et·
691 458 903 556 memorabilem
919 471 1074 574 pugnam*

137 575 208 634 feoit
221 575 400 656 Hasdrubal
413 576 567 652 imperator
590 587 701 658 captus,
715 588 745 658 et
766 575 925 639 Hannoet
944 576 1060 654 Mago„

138 653 250 714 nobiles
271 652 544 727 Karthaginienses:
565 654 657 731 Mago
678 673 715 712 ex
737 666 825 731 gente
838 653 967 722 Barcina,
981 666 1062 732 proi„

138 732 245 866 proque
258 730 430 806 cognatione
446 732 750 812 Hannibali-junctu‘s;
763 732 883 801 Hanno,
893 740 993 790 auctor
1002 751 1047 791 re-

159 808 269 868 allionis
284 808 389 878 Sardis,
403 808 530 886 bellique
543 813 605 887 ejus
618 810 695 868 haud
709 809 797 868 dubie
817 809 962 869 conciter,
984 809 1051 872 Nec·

134 887 293 950 Sardorum
316 887 405 950 duces
428 888 521 946 minus
544 886 670 946 nobilem
683 905 748 945 eam
771 906 898 965 pugnam
918 887 1049 949 cladibus

24 1021 27 1026 .
136 964 195 1022 suis
217 964 445 1024 fecerunt.‘nam
468 975 499 1024 et
521 965 595 1024 lilius
619 965 836 1042 Hampsicorae,
864 966 995 1035 Hiostus,
1016 967 1070 1030 in,¹

136 1041 199 1102 acie
217 1042 341 1102 'ceciditr
371 1054 402 1101 et
426 1043 625 1120 Hampsicora,
640 1063 707 1102 eum
730 1043 832 1122 paucis
844 1042 987 1120 equitibus
1000 1043 1047 1102 fu-

135 1121 225 1198 giens,
240 1131 273 1180 ut
284 1140 381 1198 ,super
404 1120 521 1179 afflictas
533 1129 588 1180 'res
610 1133 711 1182 necem
727 1139 839 1202 quoquc
859 1120 917 1178 filii·
928 1119 1045 1191 audivit,

134 1205 230 1268 nocte,
255 1218 291 1257 ne
315 1202 396 1276 cujus
419 1199 595 1260 interventus
617 1210 721 1278 coepta
741 1199 900 1276 impediret,
919 1210 1054 1258 ‹mortem-

134 1277 189 1336 sibi
202 1277 349 1335 conscivit.
368 1307 371 1314 ·
389 1276 499 1336 Ceteris
519 1274 587 1346 urbs
608 1280 729 1346 Cornus,
751 1277 861 1345 eadem,
881 1295 954 1354 quae
968 1275 1046 1346 ante',

133 1353 219 1432 fugae
233 1351 446 1431 receptaculum
459 1353 533 1414 fuir:
554 1371 640 1432 quam
661 1354 802 1422 Manlius,
813 1355 924 1412 victore
935 1353 1058 1414 exeret-³
1095 1355 1097 1361 '

134 1445 167 1491 tu
187 1451 348 1508 aggressus,
362 1434 437 1494 intra
459 1446 567 1511 paucos
591 1433 652 1492 dies
675 1432 793 1509 recepit.
833 1431 950 1490 Deinde
972 1433 1059 1496 aliae

134 1529 248 1588 quoque
261 1511 401 1581 civitates,
415 1531 490 1590 quae
513 1511 551 1572 ad
571 1511 790 1589 Hampsicoram
812 1507 980 1586 Poenosque
994 1509 1056 1568 de-.

134 1589 272 1660 fecerant,
287 1590 434 1653 obsidibus
447 1590 531 1658 datis,
545 1589 717 1650 dediderunt
737 1607 809 1648 aeae·
822 1586 927 1665 quibus
939 1586 1045 1664 stipen-

134 1665 181 1726 dio
204 1667 405 1744 frumentoque
427 1667 568 1743 imperato
588 1687 640 1742 pro
661 1671 799 1742 cujusque
812 1677 862 1722 aut
876 1665 982 1723 viribus
995 1676 1057 1726 aut·

133 1745 249 1814 dalr'cto,
265 1743 563 1804 Carales-exercitum
586 1742 708 1801 reduxit.
748 1740 793 1796 Ibi
815 1741 937 1798 navibus
951 1742 1045 1817 longis

43 1871 45 1878 ,
133 1822 274 1890 deductis,
294 1819 495 1895 impositoque,
521 1835 606 1892 quem
633 1833 732 1875 secum
755 1815 919 1886 advexerat,
944 1818 1043 1891 milite,

133 1900 256 1958 Romam
271 1896 393 1970 navigat,
410 1889 626 1972 Sardiniamque
647 1893 835 1972 perdomitam
856 1895 974 1962 nunciat
988 1889 1045 1958 Pa·

132 1977 242 2034 tribus:
272 1985 302 2031 et
325 1971 498 2049 stipendium
519 1974 727 2049 quaestoribus,
746 1973 928 2038 frumentum,
946 1974 1051 2042 aedili-¹

131 2056 194 2122 bus,
222 2049 407 2128 captivosque
432 2049 530 2110 Fulvio
557 2052 690 2128 praetori,
713 2052 839 2115 tradidit.
888 2052 944 2112 Per
966 2052 1043 2113 idem

130 2131 244 2206 tempus
269 2128 304 2186 T.
327 2127 468 2190 Otacilius
496 2131 843 2209 praetor,'quinquaginta
866 2130 980 2188 navium
1004 2133 1050 2198 ab,

130 2207 271 2285 Lilybaeo
291 2207 382 2266 classe
405 2208 435 2264 in
449 2207 578 2266 Africam
593 2220 779 2276 transvectus,
794 2207 1042 2285 depopulatusque

130 2304 231 2362 agrum
245 2285 528 2361 Carthageniensem,
543 2303 631 2418 quum
655 2284 815 2344 Sardiniam
827 2283 894 2344 inde
917 2295 1040 2362 peteret,

130 2381 187 2442 quo
209 2363 287 2422 fama
310 2375 371 2422 erat
394 2361 551 2421 Hasdruba
564 2381 608 2420 em
630 2381 648 2420 a
672 2361 943 2440 Baliaribus-nuper
956 2366 1048 2442 truie,

129 2443 213 2514 cisse,
239 2441 325 2502 ‘clani
349 2440 478 2502 Africam
499 2440 641 2518 repetenti
662 2439 794 2509 occurrit,
815 2440 926 2518 levique
948 2455 1042 2500 certa·

129 2521 208 2580 mine
228 2521 258 2578 in
279 2519 338 2580 alto
360 2521 517 2584 commisso¹
536 2530 647 2596 septem
670 2517 737 2577 inde
759 2537 846 2578 naves
867 2537 934 2577 cum
955 2519 1040 2578 sociis

122 2599 279 2663 navalibus
302 2598 397 2678 cepit:
417 2610 528 2658 ceteras
542 2608 635 2656 metus
659 2596 737 2657 haud
760 2615 853 2668 secus,
868 2598 1045 2675 quam'tem-¹
1061 2641 1073 2650 -

129 2685 235 2752 pertas,
256 2678 362 2752 passim
384 2675 506 2754 disiecit.
546 2677 601 2734 Per
623 2676 740 2736 eosdem
757 2673 842 2738 forte
856 2677 917 2734 dies
939 2685 968 2734 et
983 2677 1040 2734 Bo-

129 2751 239 2818 milcar,
266 2771 334 2810 cum
366 2753 504 2820 militibus
534 2753 571 2812 ad
597 2755 827 2831 supplementum
861 2753 1040 2828 Karthagine

129 2828 231 2897 missia,
247 2825 482 2904 elephantisque,
510 2839 541 2886 et
567 2842 739 2896 commeatu,
769 2829 878 2886 Locros
903 2830 1035 2894 accessit.

128 2925 216 2986 quem
229 2915 261 2964 ut
273 2905 422 2962 incautum
435 2907 616 2981 opprimeret,
632 2909 690 2981 Ap.
704 2904 851 2974 Claudius,
861 2924 914 2982 per
923 2905 1039 2974 simula-

130 2987 237 3049 tionem
257 2981 418 3060 provinciae
437 2981 658 3042 circumeundae
678 2981 845 3040 Messanam
865 2983 967 3060 raptim
980 3004 1038 3048 ¹en-

129 3065 221 3128 ercitu
234 3062 331 3130 ducto,
345 3069 427 3120 aestu
446 3059 572 3120 secundo
593 3059 703 3120 Locros
723 3057 844 3138 trajecit.
872 3062 950 3123 *Jam
970 3062 1044 3124 inde'

130 3141 273 3218 Bomilcar
292 3139 330 3198 ad
350 3139 526 3198 Hannonem
553 3139 581 3196 in
602 3139 730 3198 Bruttios
750 3139 895 3216 profectus
916 3151 986 3211 erat,
1007 3154 1037 3202 et

129 3220 290 3280 Locrenses
304 3227 400 3296 portas
421 3217 560 3280 Romanis
574 3218 746 3281 clauserunt.
787 3218 911 3296 Appius,
932 3225 1038 3298 magno

130 3311 236 3358 conatu
250 3297 328 3356 nulla
340 3315 372 3358 re
391 3298 483 3375 gesta,
503 3296 669 3356 Messanam
689 3295 801 3374 repetit.
841 3297 954 3356 Eadem
973 3315 1035 3358 aeas

100 3431 112 3440 ,
130 3385 190 3434 tate
203 3376 361 3437 Marcellus
379 3377 416 3436 ab
432 3376 516 3448 Nola,
537 3374 782 3454 quam'praesidio
797 3375 954 3446 obtinebat,
975 3393 1035 3432 cre-
1075 3373 1080 3378 “

126 3449 396 3554 'braseaoursionea
411 3455 554 3536 inegram
573 3454 729 3536 Hirpinum
747 3465 777 3518 et
798 3454 939 3549 Samnites
958 3451 1035 3522 Cato.
