2534 4010
433 163 599 268 staur
629 175 729 262 xxn.
1000 204 1040 266 so

137 365 298 416 mmatura'e
311 357 404 426 nnio,
426 359 584 436 composita
601 359 798 436 instructaque
819 353 848 414 in
868 351 980 414 subitos
1000 365 1045 412 tu·

137 433 253 504 multus,
268 446 361 494 atauo
374 435 456 494 militi
471 448 534 495 tuta
552 438 658 507 omnia,
681 449 709 496 et
728 433 834 494 infesta
846 429 943 492 effatis
955 431 1047 492 hosti·

46 503 49 524 ¹
139 529 188 568 um
211 514 435 591 populatoribus,
459 515 625 590 praebebat.
647 531 741 592 neque
765 510 896 570 universo
916 509 1045 588 periculo

137 608 247 652 summa
264 611 362 652 rerum
382 590 634 650 committebatur:
657 603 686 650 et
706 607 794 668 parva
812 600 959 648 momenta
976 588 1045 648 lesi·

137 684 183 724 um
207 670 408 736 certaminum,
431 687 467 726 ex
491 677 555 728 tato
579 677 755 743 coeptorum,
777 665 897 726 finitimo
914 679 1044 746 receptu,

135 747 376 814 assuefaciebant,
398 746 526 806 territum
551 744 675 824 pristinis
695 743 972 813 cladibunmilitem
991 747 1045 804 rui·
1098 735 1114 748 ”

133 841 189 886 nus
210 827 272 900 jam
286 822 403 882 tandem
417 836 467 882 aut
485 822 597 884 virtutis
617 835 668 884 aut
687 821 817 882 fortunae
836 822 983 900 poenitere
996 843 1045 884 su·

133 918 180 958 ae.
222 900 282 960 Sed
308 919 368 959 non
394 897 588 962 Hannibalem
616 900 707 978 magis
728 899 862 958 infestum
885 913 945 960 tam
969 905 1045 962 saum

135 977 261 1036 consilis
283 978 420 1050 habebat,
445 999 530 1058 quam
550 980 718 1058 magistrum
739 976 887 1055 equitum:
908 977 956 1054 qui
975 980 1045 1038 nihil

135 1055 223 1124 allud,
237 1075 324 1134 quam
338 1059 416 1138 quod
429 1059 521 1136 impar
534 1069 596 1118 erat
615 1057 743 1136 Imperio,
764 1073 863 1114 morae
883 1054 920 1112 ad
934 1073 1047 1132 tempu·

135 1131 239 1194 blicam
268 1136 513 1214 praecipitandam
539 1135 675 1196 babebat
711 1134 794 1194 ferox
819 1132 993 1212 rapidusque
1018 1133 1047 1192 in

136 1211 271 1279 consiliis,
294 1231 329 1303 ac
342 1214 442 1291 lingna
454 1213 632 1282 immodicus,
646 1213 737 1292 primo
752 1211 827 1272 inter
839 1229 956 1288 paucos,
981 1209 1048 1272 dein

134 1289 284 1435 ledit?
298 1292 720 1446 'atttdttttllttlttt
734 1303 1048 1445 iiiiiidssffl

134 1445 414 1531 premendoramqne
447 1447 625 1524 superiomm
652 1457 714 1504 arte
741 1449 827 1522 (quaa
852 1446 976 1522 mesina
1001 1463 1048 1506 ars

49 1561 50 1566 η
134 1521 219 1579 nimis
243 1525 387 1600 prosperis
409 1525 565 1584 multorum
587 1523 768 1584 successibus
795 1523 894 1600 crevit)
913 1543 978 1585 sese
998 1543 1049 1584 ex·

133 1595 266 1662 tollebat.

137 1709 157 1740 -,
177 1673 263 1734 x111.
284 1675 486 1741 ananan,
500 1698 537 1738 ex
553 1677 682 1758 Hirpinis
702 1679 731 1738 in
757 1675 905 1736 Samnium
925 1678 1048 1738 transita

131 1752 374 1818 Beneventanum
399 1757 475 1835 depo
496 1757 591 1818 ulatur
616 1775 737 1833 agrumr
772 1751 916 1814 TelesIam
949 1757 1051 1814 urbem

135 1831 234 1906 capit:
257 1835 348 1895 irritat
364 1835 449 1894 etiam
483 1834 654 1894 eindustria
667 1834 781 1903 ducem,
803 1833 826 1891 si
840 1832 923 1902 sorta,
944 1852 1049 1892 accen·

133 1925 203 1964 sum
217 1920 260 1969 tot
279 1911 496 1989 indignitatibus
515 1912 704 1990 cladibusque
723 1913 875 1980 sociorum,
897 1911 1049 1972 detrahere

132 1985 176 2048 ad
197 2003 321 2063 aequum
341 2000 486 2048 certamen
505 1989 606 2066 possit.
645 1989 724 2048 Inter
743 1989 955 2050 multitudinem
975 1990 1052 2056 suci»¹

46 2123 54 2140 ,
135 2081 222 2128 onim
237 2063 329 2132 Italici
343 2067 465 2144 generis,
487 2066 534 2146 qui
548 2065 584 2125 ad
599 2065 796 2126 Trasimenum
818 2067 894 2144 capti
913 2068 951 2128 ab
965 2067 1050 2133 Hau-

133 2140 235 2200 nibala
256 2143 420 2224 dimissique
437 2145 560 2214 fuerant,
582 2151 641 2202 tres
663 2143 804 2221 Campani
827 2144 937 2220 equites
956 2158 1048 2214 erant,

135 2218 235 2281 multis
246 2223 306 2297 jam
321 2237 382 2282 tum
395 2223 483 2288 illecti
497 2221 580 2280 donis
593 2221 796 2313 promissisque
817 2221 990 2281 Hannibalis
1009 2223 1048 2282 ad

137 2297 340 2359 conciliandos·
355 2300 535 2379 popularium
558 2318 679 2359 animoa.
706 2300 745 2369 bi,
769 2299 947 2369 nunciantes,
972 2301 995 2360 si
1019 2301 1049 2363 iu

138 2374 328 2451 Campaniam
349 2379 508 2442 exercitum
532 2378 715 2447 admovisset,
746 2379 865 2458 Capuae
894 2378 1050 2455 potiendae

136 2451 252 2528 copiam
279 2455 349 2526 sore,
376 2476 465 2534 quum
489 2461 537 2514 res
560 2459 659 2532 maj0r,
682 2475 767 2535 quam
794 2465 936 2522 auctores,
963 2463 1050 2522 esset,

136 2529 260 2590 dubium
284 2533 491 2603 Hannibalem,
512 2533 687 2610 alternisque
708 2533 845 2592 fidentem
864 2549 899 2589 ac
922 2529 1052 2588 diffiden-

136 2622 211 2674 tem,
233 2621 342 2677 tamen,
365 2623 398 2668 ut
421 2611 585 2688 Campanos
609 2629 646 2666 ex
674 2609 790 2668 Samnio
812 2615 933 2686 peteret,
954 2625 1050 2672 moue·

135 2697 227 2746 runt:
254 2686 389 2760 monitos,
417 2697 449 2744 ut
470 2685 558 2748 etiam
584 2696 671 2762 atque
692 2685 778 2747 etiam
800 2683 937 2764 promissa
962 2687 1050 2752 rebus

134 2763 334 2832 adfirmarent,
351 2767 505 2846 Jussosque
525 2781 591 2826 cum
611 2763 741 2854 pluribus
760 2776 790 2822 et
809 2761 950 2847 ailquibus
973 2765 1050 2842 prin·

135 2842 236 2919 cipum
260 2841 353 2902 redire
365 2843 404 2907 ad
417 2861 458 2912 se,
472 2841 588 2900 dimisit.
610 2861 618 2898 r
640 2861 672 2902 se
688 2842 810 2920 Imperat
833 2841 909 2911 duci,
926 2855 962 2902 ut
974 2863 1008 2904 se
1019 2845 1050 2904 its
1108 2861 1111 2871 ·

136 2937 240 2998 agrum
267 2921 433 2982 Casinatem
456 2921 564 2988 ducat;
590 2934 711 2980 coctus
732 2939 750 2978 a
772 2919 870 2996 peritis
889 2922 1047 2998 reponam,

136 2999 243 3060 sienni
255 2999 362 3058 saltum
372 2999 553 3076 occupasset,
567 2997 676 3062 exitum
690 2997 823 3058 Romano
842 2997 880 3056 ad
893 3003 984 3076 *opem
1007 2999 1049 3056 Ia
1103 3009 1108 3020 ·

135 3074 260 3134 rendam
272 3077 357 3142 sociis
380 3075 610 3136 interclusurum.
652 3073 710 3134 Sed
731 3075 870 3138 Punicum
891 3077 1048 3134 abhorrens

129 3172 173 3212 ns
187 3151 227 3210 ab
247 3152 414 3216 Latinomm
435 3151 582 3212 nominum
602 3151 771 3230 prolatione,
790 3172 842 3231 pro
866 3152 971 3210 Casino
991 3152 1048 3235 Ca·

129 3229 327 3291 .silinumdux
340 3243 373 3295 ut
392 3232 545 3308 acciperet,
569 3229 654 3297 lecim
677 3247 849 3307 aversusque
871 3229 909 3284 ab
932 3244 985 3283 sun
1004 3235 1050 3276 1t1=

132 3326 219 3378 uere,
233 3325 287 3384 per
297 3308 466 3377 Allifanum,
481 3305 709 3399 calatinumque,
730 3319 760 3372 et
779 3307 920 3370 Calenum
940 3309 1049 3378 aalma

137 3386 168 3446 in
190 3403 328 3477 campum
357 3385 507 3446 Stellatem
529 3383 695 3444 descendite
720 3385 770 3444 ubi
793 3395 881 3458 quum
897 3367 1050 3456 ymnum

137 3464 364 3552 dammasque
391 3463 517 3532 clausam
543 3463 690 3552 regionem
710 3449 979 3530 circurnspesutets·
996 3457 1050 3506 aa·
