2406 3932
132 295 142 320 ,
451 243 615 306 arasa
645 243 758 304 xxm.
1005 252 1061 310 ras

13 388 15 462 i
154 407 244 472 “tus,
270 401 344 462 hanc
370 419 466 461 arcem
493 403 649 464 defendere
670 397 915 468 volebam,'hosti
943 397 1059 460 minime

154 488 174 517 “
187 497 314 556 parcens,
341 481 457 562 quando
486 497 587 556 parens
610 493 771 556 extorquet,
799 475 920 553 recipe.”
975 477 1060 536 Haec

151 573 239 632 quum
266 558 394 626 dixisset,
417 554 543 634 gladium
570 559 599 613 in
625 558 773 634 publicum
800 566 878 612 trans
906 555 1058 613 maceriam

119 668 123 675 ·
152 633 226 692 horti
239 635 365 714 abjecit:
386 646 424 704 et,
441 633 601 712 quominus
620 653 666 692 res
686 643 926 710 suspecta‘esset,
949 653 980 691 se
999 633 1060 710 ipse

149 711 280 770 convivio
293 712 426 770 reddidit.
495 709 498 726 ⁸

190 788 227 846 X.
268 789 415 848 Posraxo
436 789 483 848 die
499 799 616 849 senatus
635 787 768 864 frequens
787 787 870 847 datus
891 789 1059 848 Hannibali.
1127 836 1129 852 .

149 866 202 923 ubi
225 866 316 942 prima
339 870 401 943 ejus
423 867 512 926 oratio
536 865 694 945 perblanda
714 881 748 924 ac
771 866 895 942 benigna
917 870 979 938 luit,
1003 870 1060 945 qua

150 943 258 1018 gratias
279 944 338 1020 egit
359 945 521 1021 Campanis,
541 944 619 1022 quod
639 943 792 1001 amicitiam
812 961 890 1000 suam
910 945 1057 1004 Romanae

151 1020 281 1078 societati
295 1023 542 1099 praeposuissent:
563 1033 594 1082 et
612 1023 687 1080 inter
707 1030 803 1079 cetera
824 1022 972 1095 magnifica
1014 1043 1058 1079 m-

150 1097 236 1156 missa
248 1099 402 1176 pollicitus,
417 1101 596 1177 brevicaput
619 1100 718 1158 ltaliae
739 1096 816 1156 omni
839 1097 968 1174 Capuam
988 1043 1057 1166 idne,

147 1178 268 1252 juraque
281 1177 348 1235 inde
361 1197 429 1236 cum
443 1178 545 1238 ceteris
559 1178 671 1256 populis
695 1177 860 1234 Romanum
880 1175 965 1233 etiam
987 1177 1071 1254 peti-¹

149 1263 255 1310 turum.
296 1256 395 1316 Unum
409 1274 473 1315 esse
485 1267 629 1315 exsortem
638 1255 771 1322 ‚Punicae
785 1253 936 1321 amicitiae,
960 1253 1057 1312 foede·

149 1329 244 1407 risque
269 1349 368 1390 secum
391 1333 469 1400 facti,
494 1351 578 1411 quern
603 1352 696 1411 neque
719 1351 782 1392 esse
805 1331 984 1408 Campanum
1005 1350 1055 1390 ne·

147 1425 205 1484 que
229 1408 284 1468 dici
308 1410 424 1481 debere,
448 1412 580 1488 Magium
604 1411 738 1470 Decium.
758 1429 825 1468 eum
850 1409 1004 1487 postulare,
1026 1421 1058 1467 ut

148 1485 202 1543 sibi
217 1485 346 1557 dedatur,
361 1508 396 1548 ac
416 1509 447 1547 se
466 1503 618 1565 praesente
638 1489 675 1546 de
696 1507 732 1546 eo
755 1487 902 1555 referatur,
928 1489 1058 1546 senatus·

146 1581 204 1642 que
217 1566 380 1622 consultum
394 1566 453 1622 fiat.
494 1565 604 1622 Omnes
624 1566 651 1622 in
674 1582 736 1622 eam
762 1564 933 1622 sententiam
953 1566 1056 1634 ierunt,

146 1657 309 1716 quanquam
331 1659 453 1717 magnae
472 1643 546 1718 parti
567 1655 595 1700 et
616 1642 657 1698 vir
676 1641 809 1718 indignus
830 1643 864 1700 eti
884 1643 1056 1711 calamitate,

147 1730 178 1776 et
192 1717 269 1776 haud
283 1737 370 1796 parvo
383 1719 463 1778 initio
478 1720 566 1778 minui
586 1719 738 1778 videbatur
757 1723 805 1796 jus
828 1719 989 1778 libertatis.'
1018 1721 1057 1776 E-

145 1811 261 1869 gressus
273 1797 363 1866 curia,
378 1797 405 1855 in
427 1798 535 1875 templo
554 1797 736 1874 magistratus
758 1797 904 1855 consedit:
928 1817 1056 1874 compre·

146 1873 290 1950 hendique
304 1875 428 1934 Decium
436 1876 581 1952 Magium,
595 1887 690 1953 atque,
702 1887 770 1933 ante
780 1875 868 1952 pedes
877 1875 1056 1942 destitutum,

145 1967 264 2007 causam
278 1951 381 2022 dicere,
393 1955 487 2030 jussit.
527 1955 584 2017 Qut
599 1973 696 2086 quum,
717 1964 851 2011 manente
870 1952 977 2010 ferocia
997 1954 1058 2010 ani·

148 2026 196 2094 mi,
224 2040 342 2104 negaret
365 2030 430 2106 lege
448 2030 598 2090 foederisi
638 2031 702 2107 cogi
727 2050 818 2107 posse,
850 2043 911 2088 tum
933 2032 1056 2108 injectae

108 2127 112 2135 ·
143 2117 278 2175 catenae,
307 2106 430 2184 ducique
457 2120 524 2166 ante
550 2107 678 2165 lictorem
706 2107 734 2164 in
762 2121 854 2166 castra
881 2120 926 2166 cst
949 2113 1055 2187 jussus.

146 2183 251 2246 Quoad
268 2185 361 2261 capite
375 2199 475 2262 aperto
488 2198 533 2244 est
552 2185 666 2252 ductus,
690 2185 942 2244 concionabundus
963 2188 1055 2246 inces·

144 2260 191 2326 sit,
214 2261 252 2318 ad
273 2263 474 2322 circumfusam
495 2263 620 2341 undique
645 2261 856 2322 multitudinem
880 2264 1055 2322 vociferans:

147 2337 304 2399 “Habetis
331 2342 503 2411 libertatem,
533 2341 681 2418 Campani,
719 2359 804 2418 quarn
839 2341 960 2416 petistis.
994 2342 1056 2400 soro

146 2424 165 2452 ‘⁴
179 2416 284 2492 medio,
306 2420 369 2478 luce
391 2421 476 2489 clara,
501 2419 663 2478 videntibus
684 2419 774 2486 vobis,
799 2419 869 2475 nulli
894 2420 1056 2494 Campano·

146 2502 165 2530 “
179 2511 241 2552 turn
256 2497 408 2565 secundus,
424 2499 534 2556 vinctus
553 2496 590 2554 ad
611 2509 732 2556 mortem
752 2495 854 2570 rapior.
895 2497 973 2558 Quid
997 2495 1055 2550 vio-

146 2571 284 2629 “lentius
306 2574 407 2649 Capua
426 2577 512 2652 captia
535 2573 640 2632 lieret?
681 2573 726 2631 lte
749 2573 863 2630 obviam
887 2570 1055 2639 Hannibali,

146 2657 318 2706 “exornate
340 2643 450 2719 uibem‚
473 2651 606 2727 diemque
631 2649 769 2707 adventus
794 2652 855 2724 ejus
880 2663 1055 2718 consecrate,

145 2736 165 2764 ⁴⁶
179 2736 212 2783 ut
226 2727 304 2785 hunc
318 2728 493 2806 triumphurn
513 2728 550 2786 de
572 2727 634 2785 cive
656 2738 749 2786 vestro
770 2724 930 2802 spectetis.''
970 2727 1055 2786 Haec

143 2803 318 2872 uociferanti,
342 2823 428 2884 quum
454 2805 560 2864 moveri
580 2804 682 2882 vulgus
709 2802 860 2874 videretur,
885 2805 1052 2864 obvolutum

142 2896 229 2960 caput
244 2895 296 2952 est,
311 2886 448 2962 ociusque
461 2884 521 2962 rapi
536 2895 616 2942 extra
629 2893 740 2960 portam
759 2884 863 2958 jussus.
882 2882 922 2941 ita
942 2883 970 2941 in
992 2905 1053 2942 cas-

143 2973 187 3019 tra
202 2961 374 3039 perducitur,
387 2963 592 3041 extemploque
613 2961 761 3038 impositus
775 2959 803 3016 in
818 2961 921 3029 navim,
936 2974 966 3020 et
980 2963 1055 3020 Kar·

143 3040 291 3116 thaginem
307 3041 425 3098 missus:
446 3061 493 3108 ne,
507 3055 588 3098 motu
602 3039 697 3116 aliquo
719 3039 836 3116 Capuae
850 3058 887 3098 ex
901 3040 1054 3115 indignita-

145 3131 175 3173 te
189 3117 229 3174 rei
244 3127 315 3183 orto,
330 3129 462 3176 senatum
496 3136 590 3195 unque
612 3117 772 3194 poeniteres
792 3115 880 3176 dediti
901 3116 1056 3194 principis3

145 3204 185 3260 et,
199 3193 342 3268 legatione
355 3196 443 3253 missis
457 3137 496 3252 ad
507 3194 695 3272 repetendum
710 3213 784 3259 eum,
807 3214 842 3252 ne
857 3207 906 3252 aut
921 3194 1053 3270 negando

143 3289 214 3339 rem,
228 3287 316 3346 quarn
348 3273 451 3330 timum
465 3283 604 3348 peterent,
626 3270 788 3330 offendendi
809 3272 863 3330 sibi
887 3272 952 3328 novi
973 3269 1053 3338 socii,

142 3359 194 3406 aut
208 3291 360 3406 tribuendo
374 3350 524 3408 habendos
539 3350 655 3427 Capuae
676 3361 751 3410 esset
773 3345 919 3407 seditionis
940 3364 974 3402 ac
995 3355 1054 3404 tur·
1111 3343 1122 3362 *

142 3428 245 3484 irarum
260 3436 383 3484 aneton·
411 3427 520 3486 Navem
536 3427 663 3506 Cyrenas
677 3427 779 3486 detulit
800 3433 965 3498 tempestas,
981 3443 1054 3499 quae

141 3517 204 3563 tum
218 3504 248 3564 in
262 3503 370 3566 ditione
383 3524 483 3584 regum
498 3520 597 3583 etant.¹
608 3506 647 3584 ilii
662 3523 749 3581 quum
771 3498 887 3574 Magius
907 3499 943 3556 ad
965 3511 1054 3565 statu·
