2406 3932
444 191 601 282 Lllllill
616 185 749 264 ‚xx1n'
981 204 1037 270 107

135 347 518 428 magistratuumpsrunrsir,
533 361 565 410 ut
586 351 740 412 tumultum
758 366 794 408 ac
818 347 1036 426 trepidationem

135 425 166 484 in
180 427 250 484 urbe
263 427 370 496 tollant,
393 437 536 485 matronas
559 429 674 506 publico
694 437 821 494 arceant,
842 427 1038 505 continerique

135 502 209 570 intra
222 522 302 562 suum
317 523 459 582 quamque
472 504 558 564 limen
579 518 701 582 cogant:
723 503 916 581 comploratus
935 505 1038 564 famili·

135 595 214 638 arum
227 585 398 642 coerceant:
431 581 579 655 silentium¹
588 602 638 658 per
651 584 752 640 urbem
772 581 896 641 faciant:
917 585 1038 648 nuncios

133 675 226 716 rerum
247 659 376 717 omnium
397 658 433 716 ad
457 667 603 735 praetores
622 657 806 718 deducendos
825 673 945 720 curent:
967 681 1039 736 suae

132 736 255 814 quisque·
270 737 402 800 fortunae
423 735 500 794 domi
520 745 667 798 auctorem
680 750 864 813 exspectent:
884 740 1037 814 custodes-¹

131 830 187 891 qne
207 825 356 889 praeterea
376 812 528 890 adportas
548 823 665 890 ponant,
680 814 728 891 qni
747 815 916 890 prohibeant
936 837 1036 895 quem-

132 909 218 966 quam
247 889 344 966 egredi
374 892 490 950 urbem:
512 902 673 968 cogantque
687 891 823 958 ¹homines
842 893 958 966 nullam,
979 897 1034 956 nisi

57 991 59 998 ·
130 967 203 1026 urbe
223 985 258 1026 ac
278 967 427 1026 moenibus
448 969 539 1037 salvis,
560 969 680 1026 salutem
701 987 838 1045 sperare„
864 971 922 1028 Ubi
943 975 1034 1046 cend-

130 1044 222 1104 cuerit
236 1045 384 1115 tumultus,
399 1055 476 1104 recte
489 1057 551 1106 tum
564 1046 594 1102 in
608 1047 715 1114 curiam
729 1045 830 1105 Patres
850 1050 1034 1120 revocandos,

130 1122 394 1200 consulendumque
407 1123 536 1182 donabis
549 1123 763 1182 custodiaesse.
824 1146 828 1150 ’
974 1175 978 1192 ,

134 1239 141 1252 ..
168 1197 248 1257 LVI.
288 1202 388 1272 Quum
401 1200 431 1258 in
445 1200 520 1260 hanc
543 1201 712 1261 sententiam
734 1201 858 1278 pedibus
879 1220 980 1261 omnes
998 1201 1039 1276 is·‚

130 1288 204 1354 sent,
231 1279 430 1356 summotaque
456 1279 518 1336 foro
541 1297 593 1356 per
612 1280 795 1355 magistratus
823 1279 908 1338 turbat
935 1279 1035 1356 Patres

129 1353 232 1412 diversi
247 1354 283 1412 ad
296 1355 437 1415 sedandos
451 1355 590 1414 tumultus
603 1357 815 1428 discessissent3
835 1367 897 1416 tum
917 1357 1034 1418 demum

128 1431 231 1490 literae,
248 1449 265 1489 a
286 1431 420 1494 Terentio
446 1434 565 1494 consule
592 1435 696 1493 allatae
724 1445 799 1502 sunt,
820 1432 857 1491 L.
878 1436 1034 1496 Aemilium

129 1509 275 1568 consulem
297 1511 511 1588 exercitumque
531 1530 666 1582 caesum
686 1530 750 1570 sese
772 1511 888 1579 Canusii
901 1531 973 1583 esse,
987 1533 1032 1574 re-

128 1585 229 1663 liquias
243 1586 441 1644 tantaecladis
454 1587 532 1644 velut
555 1589 761 1664 exnaniragio
784 1588 974 1679 colligentem.
994 1594 1033 1652 ed

127 1663 230 1722 decem
257 1661 344 1720 millia
364 1663 485 1722 militum
505 1664 594 1722 ferme
615 1684 688 1734 esse,
708 1666 969 1743 incompositorum,
989 1670 1032 1728 in·

126 1739 386 1818 ordinatorumque.
426 1741 556 1800 Poenum
585 1742 686 1801 sedere
713 1743 750 1801 ad
772 1744 895 1813 Cannas,
915 1745 945 1802 in
965 1765 1040 1823 cap·¹

126 1818 247 1876 tinorum
261 1818 359 1895 pretiis
379 1819 542 1897 praediaque
561 1819 626 1887 aliti,
647 1839 702 1878 nec
721 1821 835 1879 victoris
854 1821 959 1893 animo,
979 1843 1039 1896 nec⁸

125 1896 222 1972 magni
243 1895 324 1954 ducis
354 1915 441 1964 more,
462 1897 688 1978 nundinantem..
719 1898 793 1956 Tum
814 1898 941 1976 privatae
961 1920 1033 1978 quo·

126 1991 183 2050 que
196 1991 248 2049 per
259 1971 360 2050 domos
374 1972 472 2031 clades
484 1974 617 2050 vulgatae
630 1988 715 2034 sunt:
734 1976 865 2053 adeoque
879 1987 970 2036 totam
984 1985 1039 2037 uri

124 2053 203 2112 bem,
215 2049 340 2126 opplevit
359 2050 463 2120 luctus,
484 2063 517 2110 ut
536 2069 648 2128 sacrum
678 2054 896 2112 anniversarium
918 2056 1034 2132 Cereris,

124 2127 318 2186 intermissum
332 2126 387 2194 sit;
407 2127 472 2204 quia
491 2145 547 2186 nec
565 2129 730 2204 lugentibus
749 2129 779 2187 id
797 2131 891 2190 facere
911 2145 955 2192 est
976 2134 1031 2205 fas,

124 2225 179 2266 nec
194 2204 251 2262 ulla
264 2203 293 2262 in
307 2203 355 2262 illa
369 2214 540 2283 tempestate
560 2217 690 2264 matrona
703 2225 805 2282 expers
815 2206 910 2268 luctirs
922 2209 1026 2281 fuerat.

123 2283 234 2360 ltaque,
247 2301 285 2340 ne
299 2283 337 2341 ob
351 2283 472 2342 eandem
486 2301 601 2342 causam
615 2283 671 2344 alia
685 2303 893 2364 quoquesacra
911 2289 1038 2364 publica¹

124 2371 175 2418 aut
187 2361 296 2437 privata
309 2360 516 2429 desererentur,
537 2363 785 2422 senatusconsulto
809 2363 917 2437 diebus
931 2364 1029 2442 trigin-

124 2447 155 2496 ta
167 2438 263 2497 luctus
276 2450 319 2496 est
339 2439 446 2498 linitus.
487 2440 623 2498 Ceterum
644 2459 741 2517 quum,
762 2441 863 2499 sedato
883 2442 961 2499 urbis
977 2455 1028 2514 tu·

124 2513 227 2584 multu,
251 2516 375 2574 revocati
394 2517 423 2573 in
448 2517 555 2586 curiam
577 2517 676 2577 Patres
696 2529 800 2595 essent,
821 2517 895 2575 aliae
914 2518 1035 2594 insuper¹

123 2611 161 2650 ex
181 2591 279 2651 sicilia
298 2592 397 2650 literae
417 2593 520 2651 allatae
540 2607 606 2653 sunt
624 2596 661 2652 ab
677 2593 712 2652 T.
726 2594 850 2652 Otacilio
864 2605 1035 2670 propraeto-¹

121 2689 164 2739 re,
184 2687 304 2745 regnum
324 2669 461 2726 Hieronis
481 2670 575 2728 classe
602 2670 854 2740 Punicavastari:
869 2669 920 2738 =cui
940 2691 1033 2750 quum·

122 2765 209 2826 opem
231 2745 394 2824 imploranti
416 2743 491 2806 ferre
509 2747 610 2822 veliet,¹
624 2747 792 2806 nunciatum
812 2747 865 2806 sibi
885 2763 957 2820 esse,
977 2752 1033 2828 ali-¹

122 2824 310 2884 am'ciassem
330 2824 367 2884 ad
388 2825 519 2902 Aegates
538 2823 645 2884 insulas
665 2837 749 2895 stare,
764 2840 891 2904 paratam
905 2827 1032 2908 instruc,

121 2913 255 2982 tamque;
275 2914 317 2973 ut,
345 2904 395 2962 ubi
419 2922 451 2976 se
471 2921 584 2962 versum
604 2904 796 2978 adtuendam
818 2903 1034 2984 Syracusanam,
1087 2925 1096 2938 ·

121 3000 200 3040 oram
222 2981 311 3040 Poeni
331 2983 493 3052 sensissent,
514 2981 696 3060 Lilybaeum¹
712 2984 857 3062 extemplo
887 2988 1031 3062 provinci,

120 3077 224 3135 amque
237 3055 322 3118 aliani
336 3059 496 3118 Romanam
518 3061 759 3136 aggrederentur„
771 3062 868 3139 itaque
889 3063 981 3140 classe
993 3082 1041 3140 ος

120 3155 176 3214 pus
190 3154 261 3206 esse,
275 3137 298 3196 si
312 3136 409 3214 reger'n
423 3135 531 3196 socium
547 3137 728 3215 Siciliamque
742 3139 814 3198 tueri
827 3139 945 3214 pellent.
1026 3207 1030 3216 ,

160 3211 256 3272 LVll.
295 3213 431 3274 L1ssa1s
458 3215 581 3274 consulis
601 3216 846 3295 propraetorisque
866 3217 956 3286 lectis,
978 3219 1032 3294 M..

7 3284 8 3376 ζ
75 3315 78 3321 ·
120 3288 443 3367 Claudiumquiclassi
457 3283 495 3349 ad
512 3291 623 3352 Ostiam
645 3294 731 3352 stanti
751 3307 905 3372 praeesset,
927 3295 1022 3351 Canu·

120 3370 193 3446 aium
208 3356 245 3426 ad
261 3369 421 3452 =exercitum
441 3369 622 3442 mittendum,
642 3372 882 3458 scribendumque
902 3369 1047 3450 consuli,⁸¹

120 3459 161 3524 ut,
177 3466 276 3530 „qaum¹
286 3446 410 3540 praetori
429 3447 592 3545 exercitum
607 3449 778 3548 tradidisset,
796 3464 888 3524 primo
908 3461 1033 3552 quaque)
