2386 3930
166 293 225 354 eoo
423 237 425 242 ⁵
519 266 556 349 h.
581 284 723 348 o1v11

164 447 306 509 exercitus
329 465 364 505 ac
387 457 443 505 tres
465 445 554 503 duces
576 445 748 523 iussissent,
767 463 819 504 sua
836 443 969 504 defendi:
990 445 1086 504 simul

163 536 222 596 aut,
237 526 261 583 si
281 523 463 583 successisset
484 523 604 600 coeptis,
619 538 801 602 recepturum
823 541 855 580 se
868 521 987 580 afflIctas
1009 541 1079 592 res;

163 614 222 672 aut,
244 605 268 660 si
288 602 383 680 pulsus
407 613 492 670 esset,
513 610 612 660 tamen
635 603 710 662 ultro
732 600 878 661 inferendo
900 618 978 658 arma
1002 620 1081 659 oon-

163 691 222 740 tem
245 693 303 738 tum
318 679 361 736 sui
375 678 569 756 dempturum.

232 755 373 814 XXVIII.
415 756 464 814 Nn
484 769 580 816 tamen
601 757 696 817 subita
708 777 754 816 res
767 770 797 817 et
811 766 966 815 nocturnus
980 767 1078 815 terror

162 833 249 892 etiam
275 853 334 891 noo
360 853 431 894 suae
456 835 588 895 fortunae
615 837 763 894 consilium
790 836 978 914 perturbaret,
1002 834 1078 892 allo·

161 912 291 990 quendos
304 911 556 990 adhortandosque
569 913 623 971 sibi
642 913 747 972 milites
767 927 856 982 ratus,
870 913 1008 971 concione
1022 913 1077 972 ad·

161 992 275 1060 vocati,
288 989 329 1048 ita
348 991 498 1050 disseruitt
520 1001 538 1029 ‘⁴
560 991 613 1048 Vel
633 1008 698 1049 mea
718 1010 786 1068 erga
807 992 992 1068 imperatores
1005 1007 1075 1062 nos·

163 1077 181 1106 ‘⁶
201 1081 270 1138 tros,
291 1068 369 1126 vivos
392 1080 585 1146 mortuosque,
605 1068 706 1145 pietas,
720 1069 766 1127 vel
789 1087 924 1146 praesens
944 1067 1075 1125 omnium

163 1154 181 1184 “
201 1148 341 1214 nostrdm,
362 1146 475 1213 milites,
495 1145 608 1204 fortuna
629 1146 717 1205 fidem
736 1146 826 1205 cuivis
849 1147 944 1204 iacere
967 1156 1074 1222 potest,

162 1233 180 1262 “
201 1224 270 1281 mihi
293 1224 349 1281 hoc
369 1224 529 1300 imperium,
542 1234 574 1280 ut
593 1224 721 1300 amplum
738 1223 966 1301 judIciolvestro,
980 1223 1021 1281 ita
1040 1241 1075 1282 re

161 1311 179 1342 “
199 1301 262 1376 ipsi
279 1318 366 1373 grave
388 1319 425 1356 ac
447 1300 598 1358 sollicitum
622 1318 694 1358 esse.
745 1303 811 1364 Quo
832 1301 909 1360 enirn
931 1314 1074 1378 tempore,

159 1386 179 1416 “
197 1375 252 1432 nisi
275 1383 369 1432 metus
392 1391 550 1432 moerorem
574 1377 814 1450 obstupefaceret,
830 1375 878 1433 vix
897 1378 938 1436 ita
952 1397 1075 1456 compos

146 1462 178 1496 Α(
197 1453 380 1520 meicssem,
403 1463 436 1509 ut
461 1450 557 1528 aliqua
582 1449 683 1510 solatia
705 1451 831 1509 iuvenire
857 1470 944 1528 aegro
972 1456 1075 1514 animo

159 1541 178 1571 “
198 1549 331 1610 possem
360 1548 449 1608 cogor
461 1540 585 1588 vestram
605 1528 731 1588 omnium
745 1528 836 1588 vicem
850 1530 937 1606 (quod
957 1530 1075 1589 difficil-

160 1620 178 1648 “
199 1607 297 1667 limum
319 1608 349 1664 io
373 1608 452 1668 luctu
476 1610 532 1686 est)
547 1627 620 1667 unus
638 1606 801 1674 [consulere.
820 1617 851 1665 et
871 1625 909 1666 ne
931 1620 992 1665 tum
1006 1609 1075 1686 qui-

160 1698 178 1727 “
199 1687 275 1756 dem,
290 1685 350 1755 ubi,
370 1703 495 1764 quonam
513 1686 600 1744 modo
620 1685 672 1744 has
695 1686 826 1762 reliquIas
846 1684 967 1743 duorum
988 1705 1074 1746 exer·

160 1777 178 1806 “
199 1767 309 1825 cituum
337 1765 446 1840 patriae
472 1781 640 1842 conservare
666 1763 780 1839 possim,
803 1763 988 1837 cogitandum
1015 1777 1070 1836 est,

160 1855 179 1883 ‘⁴
200 1855 326 1901 avertere
346 1840 472 1899 animum
494 1842 531 1898 ab
545 1841 660 1898 assiduo
680 1857 809 1898 moerore
828 1840 910 1899 libet.
950 1842 1071 1900 Praesto

159 1931 178 1959 “
199 1931 243 1978 ost
255 1919 331 1977 enim
345 1919 451 1976 acerba
463 1919 608 1986 memoria,
630 1929 659 1976 et
684 1917 832 1994 Scipiones
845 1937 892 1976 me
907 1921 993 1977 ambo
1007 1920 1070 1978 dles

160 2008 178 2036 ‘⁴
198 2006 354 2072 noctesque
368 1994 443 2052 curis
463 1995 666 2073 insomniisque
687 1996 805 2072 agitant,
820 2008 850 2055 et
866 1997 993 2055 excitant
1007 2016 1071 2056 sae·

159 2085 178 2114 ‘⁸
197 2094 235 2208 pe
255 2091 374 2140 somno;
404 2092 459 2131 neu
482 2092 522 2143 se,
537 2093 604 2143 neu,
624 2074 746 2132 invictos
769 2093 820 2151 per
839 2087 907 2134 octo
928 2093 1018 2133 annos
1038 2075 1069 2133 in

158 2161 176 2192 ⁴‘
219 2153 242 2208 is
255 2149 346 2220 terris,
360 2151 464 2211 milites
478 2161 554 2222 suo's,
566 2152 774 2211 commilitones
787 2162 905 2221 vestros,
925 2171 980 2210 neu
994 2171 1070 2212 rem·

158 2239 177 2268 “
197 2227 343 2320 publicam
363 2229 455 2308 patiar
474 2230 603 2299 inultam,
618 2241 649 2288 et
668 2249 749 2288 auam
762 2230 939 2306 disciplinam
959 2248 1069 2307 suaque

158 2308 327 2366 “instituta
347 2308 427 2384 sequi
444 2309 556 2384 jubent,
578 2318 616 2376 et,
638 2318 671 2364 ut
689 2307 813 2382 imperiis
832 2306 959 2363 vIvorum
979 2326 1069 2368 nemo

158 2385 376 2444 “obedientior
402 2404 448 2444 me
474 2403 532 2444 uno
551 2384 645 2455 fuerit,
668 2384 716 2453 ita,
737 2393 806 2461 -post
833 2395 955 2442 mortem
975 2403 1068 2456 suam,

159 2475 177 2504 “
197 2447 276 2542 quod
295 2483 408 2554 quaque
428 2463 457 2521 in
478 2482 509 2521 re
528 2462 654 2522 facturos
673 2461 736 2519 illos
755 2461 843 2520 fuisse
861 2463 985 2520 maxime
998 2483 1068 2521 cen-

159 2555 177 2584 ‘⁸
197 2561 285 2612 seam,
306 2543 335 2600 1d
356 2542 496 2619 optimum
514 2541 629 2600 ducere.
669 2539 730 2598 Vos
749 2559 863 2617 quoque
881 2540 973 2608 velim,
992 2540 1069 2599 mili·

159 2633 178 2662 ‘⁸
199 2634 252 2689 tes,
266 2639 323 2679 non
337 2621 469 2679 lamentis
482 2619 663 2697 lacrimisque
676 2629 812 2696 tanquam
826 2619 988 2690 exstinctos,
1000 2638 1067 2696 pro·

158 2709 177 2738 ‘⁴
197 2699 286 2774 sequi,
311 2699 419 2775 (vivunt
442 2699 595 2775 vigentque
620 2698 697 2756 fami
711 2715 804 2755 rerum
827 2699 984 2775 gestarum)
1004 2696 1065 2767 sed,

157 2785 176 2814 ‘⁸
196 2775 421 2854 quotiescunque
434 2789 566 2836 occurret
583 2777 719 2834 memoria
732 2775 852 2843 illorum,
873 2775 951 2834 velut
971 2774 995 2831 si
1015 2775 1066 2834 ad·

157 2860 175 2891 ‘⁸
195 2850 343 2910 hortantes
367 2855 536 2930 signumque
555 2853 657 2912 dantes
677 2852 795 2910 videads
815 2853 936 2919 comita
957 2853 1066 2927 proelia

156 2939 175 2970 “
195 2927 274 2985 inire.
315 2928 379 2985 Nec
397 2931 454 2985 alia
477 2929 605 3004 profecto
625 2929 742 3004 species,
764 2928 898 2986 hesterno
912 2927 959 2986 die
973 2930 1065 2989 oculis

156 3004 352 3082 “animisque
372 3003 485 3074 'vestris
513 3003 619 3072 oblata,
648 3003 832 3062 memorabile
869 3004 939 3062 illud
974 3007 1063 3066 edidit

156 3095 175 3126 ‘⁴
195 3081 355 3162 proelium:
386 3101 443 3159 quo
470 3083 675 3140 documentum
697 3081 816 3140 dedistis
842 3083 984 3153 hostibus,
1001 3104 1063 3152 ¹non

155 3172 174 3216 tt
194 3181 260 3220 oum
286 3160 465 3239 Scipionibus
485 3160 658 3220 exstinctum
672 3179 735 3220 csse
754 3179 858 3219 nomen
880 3161 1063 3233 Romanum

156 3252 174 3282 ‘⁶
194 3251 233 3309 et,
260 3242 343 3317 cujus
374 3258 412 3317 po
434 3239 473 3298 uli
499 3239 541 3297 vis
569 3251 657 3330 atque
683 3238 772 3297 virtus
797 3257 855 3296 non
889 3241 992 3298 obruta
1026 3241 1061 3300 sit

154 3317 339 3376 “·Cannensi
362 3259 454 3388 clade,
478 3337 515 3376 ex
538 3336 616 3375 omns
639 3316 768 3407 profecto
791 3316 907 3376 saevitis
929 3317 1062 3378 fortunae

153 3404 173 3434 ‘⁶
193 3413 367 3454 emersuram
380 3415 452 3456 esse.
492 3395 587 3466 Nunc,
598 3414 665 3472 quia
677 3406 790 3454 tantum
799 3391 864 3472 ausi
877 3395 945 3454 estis
958 3408 1061 3474 sponte

158 3474 295 3543 '‘restri,
310 3475 430 3553 expetiti
450 3475 529 3544 libet,
553 3484 691 3552 quantum
715 3472 844 3532 audeatis
868 3473 941 3532 duce
965 3483 1057 3530 vestro

192 3550 319 3612 auctore.
342 3573 401 3614 non
419 3553 495 3624 enim
517 3553 651 3616 hesterno
664 3551 720 3626 die,
735 3571 822 3631 quum
836 3552 1058 3638 signumlrecep·
