2386 3930
428 225 593 288 LIBER
624 227 718 288 lix-V.
967 234 1024 292 968

117 381 267 462 oppressit,
282 392 426 442 exuuntur
446 385 554 444 castris.
592 386 639 446 Ita
660 395 746 448 nocte
759 401 794 446 ac
814 385 860 444 die
882 384 950 444 bina
964 404 1025 444 cas-

118 473 163 519 tra
182 461 306 522 hostiurn
330 475 495 539 expugnata
514 464 605 525 ductu
628 465 664 522 L.
686 464 800 524 Marcii.
840 464 890 522 Ad
909 464 1025 540 triginta

116 549 227 616 septem
248 541 337 596 millia
356 540 481 598 bostium
503 560 597 610 caesa,
619 553 783 602 auctorest
805 542 951 610 Claudius,
976 543 1024 618 qui

115 617 233 676 annales
261 617 408 676 Acilianos
436 637 472 676 ex
496 617 610 678 Graeco
637 620 666 676 in
693 620 828 678 Latinum
863 639 1024 678 sermonem

114 694 217 762 vertit3
247 705 355 772 captos·
368 696 406 754 ad
429 696 507 754 mille
534 697 861 774 octingentos·triginta;
887 698 1023 774 praedam

115 771 262 848 ingentem
275 783 403 848 partam:
423 773 451 830 in
463 792 498 832 ea
508 773 596 832 fuisse
608 774 732 850 clipeum
746 779 912 851 argenteum
926 775 1023 852 pondo

98 863 100 866 ·
116 860 233 912 centum
248 849 363 926 triginta
374 861 452 920 octo,
467 871 533 910 cum
553 852 677 928 imagine
697 853 811 910 Barcini
825 852 1024 912 Hasdrubalis.

115 927 248 986 Valerius
262 928 367 987 Antias
381 947 438 986 una
451 942 544 988 castra
559 929 693 1006 Magonis
707 939 792 1007 capta
805 929 901 998 tradit,
912 942 1024 1007 septem

114 1004 204 1062 millia
224 1024 309 1064 caesa
329 1005 475 1064 hostium:
504 1008 595 1066 altero
614 1008 732 1085 proelio,
746 1007 895 1085 eruptione
915 1026 1024 1084 pugna·

116 1094 268 1142 tum'cum
292 1083 499 1151 Hasdrubaler
531 1085 633 1146 decem
660 1085 748 1144 millia
774 1084 878 1154 occisa,
903 1095 1025 1162 quatuor

115 1161 206 1219 millia
229 1171 374 1221 trecentos
396 1162 512 1238 triginta
533 1175 642 1241 captos.
695 1163 762 1222 Piso
786 1163 911 1240 quinque
937 1162 1025 1220 millia

115 1238 274 1308 hominum,
295 1259 382 1317 quum
407 1238 498 1315 Mago
518 1240 654 1302 cedentes
675 1250 787 1300 nostros
811 1239 901 1300 effuse
924 1259 1024 1317 seque·

115 1326 203 1383 retur,
222 1335 308 1374 caesa
328 1336 365 1374 ex
385 1317 492 1406 inpidiis
513 1319 622 1378 scribit.
662 1319 752 1397 Apud
765 1337 866 1378 ornnes
888 1337 1024 1394 magnum

114 1412 220 1452 nomen
241 1394 344 1454 Marcii
371 1395 453 1454 ducis
473 1407 527 1455 est.
553 1407 583 1455 et
604 1414 688 1456 verae
721 1397 829 1473 gloriae
853 1399 915 1474 ejus
937 1395 1023 1456 etiam

80 1509 83 1514 -
115 1471 253 1530 miracula
272 1473 401 1549 addunt:
421 1473 568 1530 flammam
581 1473 608 1528 ei
628 1473 809 1529 concionanti
825 1473 918 1530 fusam
939 1493 956 1530 e
977 1492 1024 1536 ca-

9 1547 10 1550 ’
115 1549 185 1626 pite,
199 1549 260 1606 sine
278 1550 367 1624 ipsius
388 1566 484 1616 sensu,
499 1565 565 1605 curn
585 1566 690 1623 magno
710 1565 815 1623 pavore
839 1549 1024 1606 circumstan-

115 1627 188 1686 tium
208 1625 339 1682 militum.
353 1633 627 1700 monumentumque
648 1623 784 1682 victoriae
804 1627 866 1701 ejus
889 1625 927 1684 de
950 1625 1024 1684 Poe·

114 1704 168 1772 nis,
197 1721 286 1779 usque
310 1702 347 1761 ad
367 1701 518 1774 incensum
541 1702 723 1780 Capitolium,
749 1701 838 1760 fuisse
861 1701 889 1758 in
917 1703 1037 1780 templo.

115 1781 248 1858 clipeum,
271 1780 417 1840 Marcium
443 1780 628 1858 appellatum,
653 1798 721 1838 cum
747 1779 871 1856 imagine
894 1779 1025 1858 Hasdru7

115 1859 197 1917 baiis.
238 1859 362 1924 Quietae
375 1857 478 1917 deinde
491 1857 655 1936 aliquandiu
668 1858 698 1915 in
723 1857 864 1936 Hispania
877 1877 922 1916 res
935 1859 1024 1928 liuere,

8 1971 9 1976 κ
116 1935 252 2013 unisque,
266 1945 332 2012 post
344 1943 440 1998 tantas
453 1947 588 2013 acceptas
601 1935 631 1994 in
644 1936 736 1995 vicem
749 1936 900 2014 illatasque
919 1935 1024 2008 clades,

116 2012 318 2074 cunctantibus
332 2012 489 2090 periculum
503 2031 632 2072 summae
645 2032 739 2076 rerum
754 2014 858 2088 facere.

155 2089 221 2148 XL.
260 2090 340 2148 Duru
367 2089 440 2148 haec
461 2090 497 2161 ,in
524 2091 667 2168 Hispania
689 2103 836 2167 geruntur,
857 2091 1025 2163 Marcellus,

115 2168 207 2246 captis
222 2167 379 2246 Syracusis,
393 2185 481 2244 quurn
501 2178 599 2227 cetera
615 2169 643 2226 in
666 2168 763 2228 Sicilia
775 2171 857 2228 tanta
868 2171 925 2228 fide
939 2182 1026 2248 atque

115 2246 279 2324 integritate
302 2247 518 2323 composuisset,
540 2257 573 2304 ut
596 2265 654 2306 non
677 2247 764 2306 modo
791 2264 873 2306 auam
895 2249 1025 2326 gloriam,

116 2323 276 2386 sedetiam
299 2325 478 2402 majestatem
500 2323 598 2402 populi
620 2323 753 2396 Romani,
777 2336 914 2401 augeret;
944 2344 1026 2384 orna·

115 2412 215 2470 manta
234 2403 321 2470 urbis,
335 2403 416 2478 signa
436 2403 616 2480 tabulasque,
638 2403 741 2494 quibus
762 2403 950 2478 abundabant
963 2404 1026 2480 Sy·

115 2497 245 2549 racusae,
259 2478 384 2538 Romam
405 2479 534 2556 devexit,
568 2481 706 2539 Hostium
720 2479 834 2557 quidem
854 2480 904 2538 illa
926 2477 1025 2556 spolia,

116 2568 148 2617 at
167 2568 249 2634 parta
268 2556 336 2614 belli
357 2558 439 2632 jure:
470 2570 598 2616 ceterum
618 2558 685 2618 inde
704 2558 828 2635 primum
841 2557 954 2616 initium
973 2555 1026 2612 mi·

13 2679 20 2696 .
116 2634 198 2694 randi
222 2635 398 2692 Graecarum
412 2634 516 2693 artium
537 2653 632 2712 opera,
646 2635 836 2711 licentiaeque
856 2633 927 2692 huic
945 2652 1027 2695 sacra

115 2711 292 2792 profanaque
315 2712 412 2771 omnia
434 2712 519 2789 vulgo
546 2712 694 2789 spoliandi,
718 2712 827 2772 sactum
854 2723 920 2781 est;
953 2730 1026 2790 quae

116 2802 262 2869 postremo
275 2789 305 2848 in
319 2789 467 2863 Romanos
480 2789 559 2861 deos,
573 2790 712 2868 templum
725 2790 756 2849 id
778 2789 872 2866 ipsum
912 2789 1024 2865 timum,

117 2869 194 2947 quod
206 2887 225 2926 a
248 2867 390 2927 Marcello
410 2868 514 2928 eximie
534 2879 666 2926 ornatum
687 2879 740 2940 est,
755 2867 846 2927 vertit
913 2867 1026 2927 iseban·

118 2957 164 3005 tur
185 2947 261 3008 enim
283 2947 320 3005 ab
344 2947 471 3006 externis
488 2947 526 3006 ad
551 2957 663 3025 portam
686 2947 834 3025 Capenam
854 2945 988 3006 dedicata
1008 2964 1027 3004 a

117 3023 260 3082 Marcello
283 3025 399 3099 templa,
423 3037 539 3102 propter
561 3024 733 3100 excellentia
755 3027 817 3102 ejus
843 3025 955 3102 generis
977 3019 1025 3102 *orss

118 3110 263 3166 namenta,
287 3118 408 3176 quorum
426 3102 582 3177 perexigua
600 3121 666 3179 pars
689 3113 844 3180 comparet.
891 3093 1026 3176 Legatio-

117 3196 171 3238 nes
184 3177 312 3236 omnium
332 3177 421 3235 ferme
441 3177 598 3236 civitatium
620 3178 731 3237 Siciliae
744 3180 782 3238 ad
796 3199 862 3239 eum
875 3177 1025 3254 cpnvenie-

118 3258 200 3316 bant.
248 3254 355 3332 Dispar
378 3265 411 3314 ut
432 3273 519 3314 causa
542 3275 648 3326 aarum,
668 3255 710 3315 ita
732 3251 858 3316 ‘conditio
881 3268 953 3336 erat.
979 3254 1027 3332 qui

119 3344 188 3394 ante
210 3342 309 3409 captas
334 3333 489 3411 Syracusas
513 3344 564 3393 aut
583 3353 643 3392 non
662 3333 849 3402 desciverant,
863 3344 913 3410 aut
935 3329 1026 3390 redie-

119 3424 184 3472 rant
197 3410 227 3468 in
240 3409 402 3482 amicitiam,
417 3423 449 3471 ut
469 3410 539 3470 socii
557 3411 657 3472 fideles
669 3412 781 3489 accepti
796 3408 940 3487 cultique:
955 3427 1026 3486 quos

118 3500 302 3570 metus‘post
315 3501 414 3567 captas
438 3489 594 3569 Syracusas
607 3489 766 3562 dediderat,
780 3499 811 3548 ut
825 3487 891 3548 victi
905 3506 923 3546 a
936 3487 1025 3574 vict07
