2386 3930
446 265 603 328 LIBER
634 267 729 328 XXV.
988 273 1042 330 '221

128 423 201 504 igni,
229 425 350 503 placere,
379 421 518 486 interdici.
572 427 696 504 Singulis
727 423 832 484 deinde
859 442 967 493 eorum,
996 427 1044 502 qui

131 506 232 563 turbae
254 523 295 563 ac·
317 503 458 562 tumultus
482 505 672 563 concitatores
698 505 822 572 fuerant,
846 501 887 560 rei
914 502 1043 579 capitalis

127 581 204 640 diem
227 583 332 648 dicere,
347 600 381 640 ac
402 581 489 642 vades
509 600 637 658 poscere,
659 593 823 659 coeperunt.
865 580 961 638 Primo
985 600 1042 638 non

126 659 240 729 dantes,
256 659 361 732 deinde
381 659 467 719 etiam
482 678 541 729 eos,
557 660 604 737 qui
625 659 693 717 dare
714 673 838 736 possent,
853 659 1043 718 incarcerem

126 739 338 828 conjiciebant:
360 741 442 815 cujus
467 737 507 796 rei
530 737 688 816 periculum
708 737 839 808 vitantes,
860 737 988 814 plerique
1012 739 1040 795 in

125 816 260 891 exotium
274 816 415 875 abierunt.

167 893 205 958 ,V.
246 895 343 966 Hunc
364 896 440 954 fraus
462 895 691 974 publicanorum,
715 892 818 950 deinde
838 892 967 952 fraudem
991 914 1041 953 au·

96 1045 99 1048 ¹
124 971 211 1028 dacia
231 981 393 1049 protegens,
419 974 528 1032 exitum
550 971 661 1032 babuit.
702 970 826 1030 Comitia
849 969 1043 1047 indepontili-

125 1050 153 1108 ci
168 1051 294 1108 maximo
308 1049 432 1112 creando
447 1064 513 1110 sunt
526 1050 634 1111 lrabita.
677 1049 721 1106 Ea
734 1047 851 1108 comitia
867 1067 957 1106 novus
970 1049 1041 1126 p0n⁴-

124 1127 201 1186 tifex
211 1128 256 1186 M.
276 1129 426 1188 Cornelius
446 1130 593 1206 Cethegus
605 1128 725 1194 babuit.
766 1127 837 1184 Tres
858 1125 967 1202 ingenti
982 1147 1042 1186 cer-

126 1206 235 1264 tamine
248 1206 412 1282 petierunt:
433 1209 471 1272 Q.
485 1207 600 1266 Fulvius
614 1205 736 1266 Flaccus
758 1204 869 1273 consul,
885 1205 933 1281 qui
947 1217 978 1290 et
991 1225 1040 1264 an·
1072 1231 1074 1236 ¹

125 1295 156 1345 te
177 1283 223 1342 bis
237 1286 337 1342 consul
359 1298 388 1344 et
408 1303 510 1346 censor
527 1286 637 1354 fuerat3
668 1298 697 1344 et
712 1284 746 1342 T.
760 1283 890 1349 Manlius
912 1282 1040 1362 Torqua-

125 1372 182 1430 tus,
196 1374 227 1419 et
251 1363 312 1440 ipse
325 1363 437 1423 duobus
459 1365 655 1424 consulatibus
669 1377 698 1422 et
713 1363 834 1422 censura
854 1361 990 1440 insignis;
1011 1380 1041 1422 et

126 1439 159 1496 P.
178 1439 309 1499 *Licinius
323 1441 453 1512 Crassus,
468 1445 516 1518 qui
538 1457 567 1500 et
588 1441 761 1499 aedilitatem
782 1440 912 1498 curulem
933 1443 1040 1516 petitu·

123 1535 172 1574 rus
193 1517 263 1577 erati
283 1519 332 1576 bic
356 1539 439 1577 senes
458 1518 670 1594 honoratosque
690 1517 801 1592 juvenis
815 1517 844 1597 in
859 1535 894 1573 eo
908 1521 1038 1576 certami-

124 1613 168 1652 ne
184 1591 261 1651 uicit.
312 1596 392 1652 Ante
415 1595 502 1663 hunc,
530 1595 604 1652 intra
627 1605 743 1651 centurn
764 1612 855 1651 annos
876 1606 906 1652 et
930 1595 1037 1672 viginti,
1068 1655 1074 1662 ,

97 1726 99 1729 ,
124 1689 220 1739 nemo,
242 1684 357 1748 praeter
377 1673 411 1730 Ρ.
430 1667 596 1732 Cornelium
618 1672 776 1740 Calussam,
798 1671 927 1748 puntifex
949 1677 1039 1732 maxi·

124 1767 189 1808 mus
202 1762 315 1808 creatus
328 1749 430 1819 fuerat,
446 1751 493 1828 qui
516 1750 586 1810 sella
600 1750 690 1810 curuli
711 1769 768 1807 non
790 1749 919 1808 sedisset.
961 1751 1037 1810 Con·

123 1828 200 1886 sules
215 1822 302 1905 quum
318 1846 403 1905 aegre
416 1829 561 1888 delectum
582 1827 765 1898 conficerent,
781 1827 858 1907 quod
876 1828 972 1905 inopia
992 1833 1038 1906 ju·

125 1905 236 1962 nicrum
258 1925 316 1962 non
329 1906 412 1964 facile
426 1907 632 1985 in'utrumque,
646 1920 678 1965 ut
691 1919 722 1966 et
734 1927 825 1966 novae
851 1909 976 1967 urbanae
996 1910 1037 1968 le·

24 2041 26 2046 ,
122 1982 233 2058 giones,
255 1994 284 2040 et
306 1983 535 2060 supplementum
558 1987 701 2044 veteribus
720 1987 899 2054 scriberetur,
918 1986 1039 2044 sufficie-

123 2062 174 2116 bat
186 2073 330 2130 asenatus
354 2063 492 2120 absistere
506 2081 556 2120 eos
579 2063 695 2140 incepto
708 2064 808 2132 vetuit,
823 2075 852 2122 et
876 2064 1037 2124 triumviros

122 2138 206 2195 binos
230 2139 319 2198 creari
340 2140 443 2217 J'ussit:
474 2141 589 2209 alteros,
604 2143 651 2219 qui
671 2141 750 2209 citra,
765 2141 879 2210 alteros,
894 2142 941 2217 qui
965 2144 1038 2202 ultra

120 2215 388 2296 quinquagesimum
416 2218 541 2297 lapidem
568 2219 596 2276 in
623 2219 712 2298 pagis,
733 2218 867 2296 forisque,
889 2231 918 2276 et
942 2223 1037 2280 conci-

121 2295 243 2364 liabulis,
257 2303 381 2356 omnem
396 2317 431 2356 co
452 2297 509 2354 iam
532 2297 721 2376 ingenuorum
745 2297 938 2374 inspicerent;
959 2309 998 2368 et,
1013 2301 1036 2356 si

120 2373 170 2448 qui
193 2317 450 2445 roboris'satissi³

122 2449 216 2508 tiamsi
238 2451 365 2510 nondum
390 2453 502 2512 militari
526 2455 622 2513 aetate
643 2465 749 2522 essent,
774 2452 877 2512 milites
899 2453 1036 2510 facerent.

122 2529 229 2586 tribuni
249 2529 351 2606 plebis,
373 2530 397 2587 si
421 2531 455 2588 iis
468 2530 621 2602 videretur,
642 2533 680 2590 ad
703 2530 841 2608 populum
864 2529 979 2598 ferrent,
995 2543 1035 2600 ut,

120 2607 170 2686 qui
193 2607 450 2685 minoresrseptem
470 2621 500 2666 et
521 2609 623 2667 decern
645 2609 726 2667 annis
751 2619 930 2666 sacramento
951 2607 1035 2669 dixis·

122 2694 199 2752 sent,
211 2684 244 2741 iis
266 2684 387 2761 perinde
407 2684 549 2764 stipendia
569 2687 767 2774 procederent,
782 2703 816 2742 ac
837 2685 860 2742 si
881 2698 991 2762 septem
1005 2705 1034 2749 et

465 2375 584 2435 ferenda
604 2394 684 2434 arma
699 2376 807 2434 babere
820 2375 992 2444 riderentur,
1008 2397 1037 2434 e·
1122 2388 1132 2394 “

119 2761 222 2821 decem
245 2781 394 2833 annorum,
416 2775 466 2822 aut
486 2766 616 2840 majores,
632 2764 735 2822 milites
757 2763 825 2820 t'acti
842 2778 947 2824 essent.
988 2767 1034 2826 Ex
1113 2814 1122 2825 .

120 2841 177 2898 hoc
194 2842 443 2900 senatusconsulto
458 2843 546 2902 creati
561 2842 697 2901 triumviri
718 2842 777 2900 bini
798 2843 1034 2922 conquisitionem

118 2920 307 2994 ingenuorum
331 2941 382 2998 per
404 2917 489 2999 agros
510 2920 681 2996 habuerunt„
722 2921 834 2980 Eodem
855 2934 983 3001 tempore
998 2945 1035 2983 ex

97 3001 100 3046 l
122 2996 218 3054 Sicilia
244 2997 343 3056 literae
367 3001 411 3057 M.
436 3001 568 3057 Marcelli
592 3001 628 3058 de
655 3000 806 3078 postulatis
829 3003 959 3069 militum,
985 3005 1032 3078 qui

119 3089 186 3132 crtm
211 3075 257 3142 P„
271 3074 397 3133 Lentulo
425 3077 595 3146 militabant,
615 3078 645 3136 in
666 3089 768 3139 senatu
795 3081 931 3136 recitatae
955 3093 1033 3137 sunt.

119 3147 279 3214 Cannensis
303 3153 438 3230 reliquiae
462 3154 552 3212 cladis
573 3155 782 3216 hicexercitus
803 3167 873 3222 erat,
888 3155 1031 3232 relegatus
1119 3153 1122 3158 ’

118 3223 150 3286 in
158 3217 160 3226 ¹
174 3223 309 3299 Siciliam,
324 3231 398 3290 sicut
418 3243 488 3290 ante
508 3231 620 3290 dictum
642 3248 694 3307 est,
708 3255 746 3294 ne
766 3245 833 3293 ante
848 3232 948 3290 Punici
964 3235 1031 3292 belli

116 3308 204 3365 finem
219 3306 248 3364 in
262 3305 375 3366 Italiam
389 3321 590 3386 reportaretur,

52 3457 53 3462 ἵ
157 3381 218 3462 ,vt
252 3385 298 3442 Ht
312 3384 451 3463 pennissu
465 3387 581 3446 Lentuli
596 3390 732 3467 primores
746 3387 874 3464 equitum
888 3391 1031 3450 centurio-

117 3458 310 3542 numque‚'·et
333 3463 436 3524 robora
460 3483 496 3524 ex
517 3467 676 3544 legionibus
700 3467 838 3545 peditum,
863 3463 973 3540 legatos
1000 3472 1030 3530 in

53 3541 57 3554 “
83 3563 85 3566 ·
116 3537 243 3610 hiberna
257 3543 294 3602 ad
310 3541 360 3628 M'.
370 3543 542 3604 Marcellum
556 3545 712 3604 miserunt:
728 3563 749 3602 ,e
765 3541 868 3618 quibus
882 3561 964 3616 unus,
980 3569 1030 3627 pu«
