2386 3930
173 217 231 272 280
482 257 487 268 .
526 207 560 268 Τ.
586 205 722 270 mvn

169 369 252 427 hunt.
273 363 378 442 plures,
399 364 599 442 propioresque
614 375 711 425 aetate
730 364 883 426 memoriae
895 381 1000 439 rerum,
1020 364 1080 426 h'oc

170 463 245 504 anno
258 442 374 501 tradunt
387 437 502 500 factumi

177 554 180 566 ·
208 521 277 580 x11.
317 520 434 577 Roman
453 520 587 579 consules
600 531 801 599 praetoresque
814 538 904 600 usque
916 530 984 580 ante
998 521 1080 582 diem

168 599 298 679 quintum
312 596 459 655 Kalendas
473 596 569 658 Maias
582 597 705 681 Latinae
718 611 880 659 tenuerunt.
893 617 928 658 eo
940 599 996 668 die,
1011 617 1080 676 per-

165 687 277 756 petrato
299 692 380 733 sacro
401 675 431 732 in
444 687 552 746 monte,
566 676 597 736 in
619 695 685 736 suas
708 677 827 756 quisque
839 677 996 756 provincias
1009 695 1082 754 pro-

154 755 339 812 ficiscuntur.
381 752 495 832 Religio
511 753 617 814 deinde
636 774 710 814 nova
729 757 846 833 objecta
858 767 902 816 est
916 775 953 814 ex
975 754 1081 814 carmi·

164 832 249 890 nibus
269 830 437 890 Marcianis.
477 832 566 892 Vates
585 832 633 891 hic
645 831 775 893 Marcius
789 833 905 894 illustris
917 833 1022 902 fuerat,
1036 844 1081 902 et,

164 929 253 988 quum
267 927 323 968 con
344 909 438 969 uisitio
458 909 551 988 priore
570 927 645 970 anno
663 929 700 970 ex
712 910 962 972 senatusconsulto
976 909 1079 970 talium

95 1053 97 1060 ,
163 987 302 1046 librorum
324 928 417 1060 acret,
430 986 459 1046 in
479 987 524 1058 M.
548 987 630 1046 Atilii
648 990 787 1066 praetoris
809 990 919 1060 urbani,
940 988 989 1066 qui
1011 1005 1079 1048 eam

160 1085 224 1125 ,ram
250 1066 365 1143 agebat,
379 1083 480 1124 manus
499 1076 644 1124 venerant.
667 1065 692 1126 is
745 1066 840 1127 otinus
852 1085 928 1128 novo
942 1064 1081 1144 praetori,

164 1144 273 1211 Sullae,
296 1141 460 1202 tradiderat.
509 1139 555 1200 Ex
574 1141 661 1220 hujus
717 1145 786 1204 arcii
807 1145 922 1206 duobus
945 1142 1081 1210 carmini·

163 1225 226 1291 bus,
241 1219 367 1287 alterius,
381 1230 447 1296 post
465 1237 525 1278 rem
543 1229 638 1279 actam
655 1220 734 1292 editi,
749 1240 816 1281 cum
836 1235 900 1282 rato
920 1220 1082 1281 auctoritas

161 1307 267 1358 aventu
280 1295 361 1352 alteri
376 1313 498 1372 quoque,
513 1299 595 1371 cujus
613 1297 741 1354 nondum
764 1310 878 1376 tempus
892 1309 1019 1367 venerat,
1033 1297 1080 1356 af·

160 1375 271 1432 serebat
297 1371 395 1430 fidem.
454 1369 552 1430 Priore
579 1371 705 1432 carmine
733 1373 893 1434 Cannensis
978 1375 1081 1435 edicta

161 1451 259 1512 clades
279 1449 308 1508 in
328 1448 403 1508 haec
421 1449 511 1508 fenne
524 1450 613 1508 rerba
629 1459 707 1508 erat:
728 1457 747 1492 ‘⁴
768 1451 894 1510 Amnem
933 1455 1082 1528 rojugena
1162 1501 1165 1506 .

162 1541 181 1571 “
203 1531 335 1602 Cannam
356 1527 488 1587 Romane
507 1527 594 1606 fuge:
623 1545 661 1586 ne
678 1539 709 1587 te
728 1528 812 1589 alieni
832 1547 904 1590 enac
917 1540 1023 1605 cogant
1046 1531 1082 1588 in

163 1619 182 1648 ‘⁶
203 1627 305 1686 campo
325 1605 476 1665 Diomedis
497 1624 648 1667 conserere
666 1624 776 1666 manus.
813 1547 876 1666 {ed
899 1625 992 1684 neque
1011 1625 1080 1668 cre·

155 1697 182 1729 =“
204 1687 254 1744 des
269 1698 301 1744 tu
315 1684 393 1754 mihi,
405 1684 499 1744 donec
512 1683 665 1761 compleris
678 1685 817 1760 sanguine
829 1703 983 1762 campum3
1002 1686 1081 1744 mul-

165 1775 183 1805 “
204 1777 291 1842 taque
304 1761 390 1820 millia
405 1761 500 1820 occisa
514 1771 565 1819 tua
577 1760 686 1819 deferet
700 1762 791 1819 amnis
804 1761 834 1819 in
853 1773 975 1840 pontum
995 1779 1080 1840 mag-

163 1855 181 1881 “
203 1859 272 1898 num
296 1857 333 1896 ex
353 1848 428 1895 terra
448 1836 603 1912 frugifera3
632 1836 767 1914 piscibus,
782 1850 869 1917 atque
882 1840 983 1900 avibus
995 1839 1079 1898 feris·

163 1929 181 1958 “
201 1936 266 1995 que,
281 1930 354 1991 quae
377 1913 506 1972 incolunt
526 1924 626 1983 terras,
640 1914 674 1974 iis
693 1913 755 1977 fuat
774 1934 841 1977 esca
854 1936 922 1978 caro
936 1930 1081 1976 suanam

162 2009 182 2036 “
202 1994 271 2066 mibi
285 1993 326 2050 ita
338 1990 453 2068 Jupiter
464 1990 542 2050 fatus
552 1991 621 2052 est.”
662 1991 702 2050 Et
716 1994 868 2084 Diomedia
882 1995 983 2074 Argivi
997 2011 1079 2052 cam·
1153 2035 1156 2040 ,

160 2092 213 2154 pos
227 2084 257 2130 et
272 2069 404 2129 Cannam
417 2069 535 2142 flumen,
549 2071 598 2148 qui
611 2071 802 2133 militaverant
814 2072 843 2132 in
863 2073 897 2132 iis
917 2073 998 2143 locis,
1008 2075 1080 2150 jux·

161 2167 192 2212 ta
202 2161 289 2228 atque
302 2149 394 2227 ipsam
408 2147 530 2218 cladem,
544 2150 751 2227 agnoscebant.
787 2149 867 2210 'Tum
880 2151 1001 2219 alterum
1012 2168 1080 2209 car-

161 2250 229 2290 men
247 2228 409 2296 recitatum,
423 2246 481 2286 non
502 2245 537 2284 eo
558 2238 671 2286 tantum
692 2227 847 2296 obscurius,
863 2227 928 2317 quia
940 2227 1082 2290 incertio-

162 2329 194 2368 ra
211 2306 309 2366 futura
332 2304 492 2383 praeteritis
505 2315 581 2376 sunt,
595 2305 647 2362 sed
666 2304 827 2396 perplexius
840 2314 929 2362 etnam
951 2303 1079 2382 scriptu.

162 2407 211 2448 rae
238 2403 352 2464 genere.
406 2392 424 2421 “
445 2382 579 2452 Hostem,
605 2381 737 2451 Romanu,
762 2382 786 2441 si
812 2380 957 2461 expellere
978 2382 1078 2456 mltis,

165 2480 184 2508 “
205 2465 402 2540 vomicamque
422 2477 496 2540 quae
516 2459 645 2538 gentium
665 2460 743 2520 venit
766 2461 860 2538 longa,
883 2459 1011 2538 Apollini
1024 2479 1079 2520 vo·

166 2555 184 2586 “
205 2543 313 2604 vendas
333 2559 438 2601 censeo
461 2538 553 2610 ludos,
566 2537 617 2616 qui
636 2538 788 2616 quotannis
806 2539 927 2598 comiter
945 2536 1078 2615 Apollini
1169 2567 1170 2578 ,

165 2632 184 2662 “
205 2624 294 2680 liant:
325 2638 413 2698 quum
436 2617 558 2697 populus
572 2615 682 2676 dederit
696 2636 734 2677 ex
753 2616 871 2698 publico
884 2627 1003 2695 partam,
1018 2618 1077 2694 pri-

164 2708 184 2737 “
205 2699 262 2756 vati
277 2701 319 2756 uti
341 2697 491 2760 conferant
513 2715 565 2776 pro
585 2715 617 2756 se
636 2696 760 2775 suisque.
798 2695 838 2754 lis
851 2695 926 2755 ludis
938 2693 1078 2762 faciendis

165 2785 183 2814 “
205 2773 329 2850 praeerit
349 2784 464 2852 praetor
484 2774 518 2842 is,
543 2775 592 2852 qui
614 2777 662 2851 jus
689 2772 795 2864 populo
818 2771 971 2849 plebeique
994 2771 1077 2832 dabit

165 2863 184 2894 “
204 2868 358 2910 summum.
395 2850 563 2920 'Decemviri
576 2851 690 2907 Graeco
711 2861 766 2906 rrtu
784 2847 885 2906 hostiis
904 2865 986 2906 sacra
1005 2849 1076 2910 faci·

166 2943 184 2973 ‘⁸
204 2941 262 2989 ant.
303 2925 390 2985 Haec
408 2925 523 2982 sirecte
536 2924 639 2992 faxitis,
653 2923 815 2998 gaudebitis
829 2941 953 3002 semper,
966 2925 1004 2986 fia
1058 2947 1076 2988 e

124 3003 126 3010 ’
165 3022 184 3055 “
204 3027 249 3069 res
262 3013 356 3064 vestra
378 3001 496 3070 melion
515 3019 586 3088 nam
595 3001 620 3060 is
632 2999 714 3059 diuus
728 3000 893 3084 exstinguet
912 2936 1075 3102 peruntinae

166 3101 184 3130 “
205 3098 322 3153 vestros,
336 3081 385 3159 qui
397 3092 507 3140 vestros
520 3098 638 3158 campos
655 3089 777 3158 pascunt
797 3079 934 3157 placide.’
974 3082 1025 3141 Ad
1044 3082 1075 3141 id
1143 3125 1149 3136 ,

166 3183 281 3230 carmen
302 3158 514 3239 explanandum
534 3159 610 3217 diem
634 3160 723 3219 ιιιιιιιιι
746 3172 938 3236 sumpserunt.
958 3171 1074 3238 postero

165 3248 212 3306 dio
239 3237 518 3302 senatusconsultum
543 3236 652 3295 factum
679 3249 731 3306 est,
756 3247 789 3294 ut
807 3235 961 3296 decemviri
987 3237 1074 3298 libros

166 3327 204 3382 de
230 3319 304 3380 ludis
333 3315 469 3396 Apollini,
491 3333 581 3393 reque
607 3313 702 3374 divini
722 3313 865 3385 faciundis,
892 3315 1073 3393 inspicerent.

123 3429 131 3439 ·=
165 3401 211 3457 Ea
223 3417 312 3476 quum
332 3396 460 3476 inspecta
478 3393 625 3471 relataque
644 3393 682 3452 ad
702 3403 834 3454 senatum
853 3404 957 3464 essent,
971 3409 1072 3454 censu·

165 3489 250 3534 munt
281 3475 392 3548 Patres,
412 3472 540 3554 Apollini
567 3471 651 3532 ludos
677 3471 820 3534 vovendos
850 3471 1072 3559 faciundosquep
