2386 3930
460 259 618 324 LIBER
646 260 743 320 XXV.
994 264 1053 322 955

93 389 97 400 .
142 427 200 500 qbe
220 419 294 478 haec
305 437 370 479 vere
383 437 436 496 pro
454 418 634 478 documentis
654 416 799 484 habenda,
812 433 849 475 ne
862 415 903 474 ita
925 414 1050 476 externis

143 497 263 558 credant
287 497 408 564 auxiliis,
433 507 465 554 ut
490 516 548 555 non
574 497 639 574 plus
661 495 705 556 sui
732 495 852 563 roboris,
879 512 1051 571 suarumque

143 576 255 654 proprie
267 576 376 643 virium,
390 576 418 632 in
439 575 540 654 castris
553 574 690 631 habeant.
730 572 824 650 Signis
843 583 962 647 repente
982 571 1050 630 sub·

142 653 217 724 latis,
242 653 380 712 Celtiberi
405 653 523 721 abeunt,
547 650 616 707 nihil
643 650 729 719 aliud,
754 648 955 728 quaerentibus
983 667 1050 706 cau·

142 749 214 800 sam,
236 729 505 806 obtestantibusque
531 739 564 786 ut
587 738 743 794 manerent,
769 727 907 786 Romanis
933 745 1051 804 respon-

141 808 254 876 dentes,
268 826 355 884 quam
373 805 530 865 domestico
544 824 576 864 se
595 803 707 864 avocari
726 803 813 863 bello.
853 804 959 882 Scipio,
973 814 1052 880 post·
1119 859 1123 872 ,

140 903 229 963 quam
251 884 320 944 socii
343 903 398 942 nec
417 885 550 962 precibus
570 901 624 942 nec
645 882 673 939 vi
694 881 808 940 retineri
831 893 971 958 poterant,
997 900 1052 940 nec

141 981 174 1022 se
187 975 239 1021 aut
261 981 360 1039 parem
379 961 441 1020 sine
453 962 507 1020 illis
530 960 606 1019 boeti
626 978 698 1028 esse,
712 969 763 1018 aut
774 958 853 1016 fratri
873 978 968 1016 rursus
982 979 1052 1018 con·

138 1041 221 1118 jungi
233 1041 303 1099 vidit
326 1058 419 1117 posse,
434 1058 488 1097 nee
502 1039 591 1097 ullum
615 1037 693 1096 aliud
713 1037 837 1096 salutare
849 1036 1001 1094 consilium
1020 1037 1052 1094 in

142 1131 276 1210 promptu
290 1137 363 1186 esse,
376 1129 463 1184 retro,
477 1128 615 1194 quantum
636 1124 742 1194 posset,
757 1114 860 1173 cedere
873 1113 991 1172 statuit:
1021 1114 1052 1172 in

140 1196 172 1252 td
190 1197 268 1253 omni
288 1197 358 1254 curi
380 1195 516 1264 intentus,
537 1193 641 1254 necubi
661 1191 849 1270 hostiaeque
870 1209 901 1250 se
921 1190 1051 1250 commit·

141 1285 217 1332 teret
230 1273 312 1341 loco;
332 1273 388 1351 qui,
409 1287 601 1350 transgressus
613 1273 729 1342 flumen,
744 1289 833 1350 prope
846 1268 972 1348 vestigiis
985 1270 1050 1327 sab·

140 1350 272 1408 euntium
285 1351 445 1410 insistebat.
734 1383 739 1392 ·
764 1381 768 1396 ·
1103 1363 1108 1376 ·

181 1427 319 1487 XXXIV.
358 1419 426 1486 Pan
439 1428 556 1490 eosdem
570 1429 631 1487 dies
653 1429 687 1488 P.
702 1428 865 1505 Scipionem
886 1444 937 1505 par
950 1438 1049 1494 terror,

140 1505 298 1584 periculum
319 1509 413 1582 majus
435 1507 473 1562 ab
495 1523 571 1561 novo
593 1505 686 1571 hoste,
714 1507 845 1578 urgebat.
897 1505 1052 1562 Masinissa

139 1597 202 1642 erat
221 1582 334 1658 juvenis
347 1600 382 1639 eo
396 1591 524 1656 tempore
545 1577 639 1637 socius
659 1579 950 1656 Karthaginiensium,
964 1599 1051 1655 quem

138 1657 245 1718 deinde
269 1657 378 1716 clarum
398 1667 547 1735 potentem
567 1675 603 1714 ue
624 1655 756 1714 Romana
777 1655 847 1715 fecit
864 1657 997 1715 amicitia.
1026 1657 1051 1714 is

140 1748 203 1796 tum
227 1753 293 1796 cum
307 1735 436 1814 equitatu
459 1676 647 1792 Numillarum
667 1744 697 1792 et
716 1733 879 1792 advenienti
893 1733 1051 1809 P.·Scipio·

141 1813 170 1872 ni
194 1814 326 1883 occurrit,
350 1823 380 1871 et
404 1811 509 1871 deinde
532 1811 646 1870 assidue
669 1809 731 1871 dies
751 1821 908 1887 noctesque
931 1809 1050 1870 infestus
1091 1816 1100 1824 '

136 1891 250 1959 aderat,
264 1901 297 1948 ut
320 1909 378 1948 non
392 1908 478 1966 vagos
502 1901 625 1958 tantum,
645 1888 746 1967 procul
765 1889 897 1948 acustrls
911 1887 1052 1965 lignatum

138 1967 366 2044 pabulatumque
389 1985 562 2044 progressos,
587 1967 741 2044 exciperet,
763 1966 815 2026 sed
837 1967 906 2046 ipsis
933 1966 1054 2042 obequb

138 2055 216 2102 taret
227 2044 338 2112 castris,
352 2044 538 2120 invectusque
551 2044 580 2101 in
603 2044 712 2102 medias
733 2063 819 2122 saepe
834 2045 971 2104 stationes
989 2063 1051 2101 om·

138 2121 190 2180 nia
202 2120 311 2198 ingenti
334 2121 459 2179 tumultu
473 2122 610 2180 turbaret.
632 2122 767 2180 noctibus
780 2141 893 2199 quoque
908 2141 995 2201 saepe
1008 2121 1060 2190 in<

137 2217 227 2258 cursu
240 2198 389 2276 repentino
412 2198 442 2256 in
464 2198 553 2276 portis
567 2197 696 2276 valloque
718 2199 891 2276 trepidatum
913 2211 976 2269 est;
996 2218 1050 2258 nec

88 2301 90 2312 ·
135 2287 191 2335 aut
204 2275 285 2336 locus
307 2287 358 2336 out
381 2288 495 2356 tempus
518 2275 608 2334 ullum
620 2294 742 2334 vacuum
765 2294 784 2334 a
808 2290 885 2336 metu
899 2296 934 2336 ac
948 2278 1051 2336 sollici·

139 2354 241 2412 tudine
265 2367 326 2413 erat
349 2354 511 2416 Romanis:
542 2355 753 2435 compulsisque
778 2355 852 2414 intra
879 2355 993 2426 vallum,
1021 2374 1052 2412 a·

138 2430 259 2508 dempto
281 2450 374 2489 rerum
395 2434 521 2492 omnium
540 2451 603 2502 usu,
619 2451 706 2512 quum
729 2453 820 2510 prope
839 2436 917 2511 Justa
940 2432 1051 2492 obsidio

139 2520 226 2578 esset,
247 2507 429 2586 futuramque
449 2511 600 2570 arctiorem
622 2529 685 2571 earn
705 2522 864 2588 appareret,
879 2511 902 2568 si
922 2530 953 2568 se
974 2510 1051 2567 Indi-

140 2586 214 2655 bilis,
229 2605 315 2662 quem
337 2605 403 2644 cum
423 2599 534 2664 septem
556 2589 680 2647 millibus
700 2601 730 2646 et
748 2587 910 2665 quingentis
934 2587 1051 2649 Suesse-

140 2674 273 2720 tanorum
287 2663 441 2722 adventare
460 2663 538 2722 forna
550 2678 621 2736 erat,
636 2665 740 2724 Poenis
761 2664 971 2742 conjunxisset:
992 2666 1052 2726 dux

140 2751 244 2800 cautus
264 2751 293 2799 et
319 2741 480 2820 providens,
504 2741 615 2820 Scipio,
639 2743 731 2802 rictus
758 2743 984 2812 necessitatibus,
1009 2756 1053 2803 te·

140 2819 292 2878 meran'um
306 2820 383 2896 capit
396 2820 556 2889 consilium,
572 2834 604 2878 ut
625 2832 712 2880 nocte
724 2819 840 2879 Indibili
860 2822 972 2882 obviam
986 2823 1049 2894 iret,

139 2909 179 2967 et,
208 2917 378 2976 quocunque
413 2899 583 2958 occurrisset
609 2899 684 2968 looo,
711 2899 850 2976 proelium
878 2905 1051 2962 consereret.

141 2974 255 3034 Relicto
268 2977 354 3052 igitur
373 2977 487 3037 modico
508 2977 648 3055 praesidio
664 2977 693 3036 in
709 2977 816 3049 castris,
831 2981 1062 3058 praepositoque·

141 3052 176 3109 T.
200 3052 320 3129 Fonteio
341 3055 446 3129 legato,
467 3055 562 3114 medii
581 3067 667 3114 nocte
691 3055 844 3132 profectus,
868 3076 935 3116 cum
959 3056 1049 3116 obviis

140 3127 271 3186 hostibus
294 3147 395 3188 manus
409 3130 560 3188 conseruit.
589 3133 727 3210 *Agmina
746 3135 846 3212 magis,
861 3152 946 3210 quam
960 3135 1047 3204 acies,

140 3207 325 3282 pugnabant:
354 3208 482 3285 superior
501 3218 607 3279 tamen,
629 3221 661 3267 ut
683 3210 711 3268 in
734 3211 919 3270 tumultuaria
942 3232 1048 3288 pugne,

141 3281 290 3342 Romanus
317 3296 386 3344 erat.
410 3298 538 3345 ceterum
565 3299 596 3346 et
618 3289 728 3365 equites
753 3286 896 3346 Numidae
919 3301 1047 3365 repente,

137 3379 213 3439 quos
232 3360 363 3422 fefellisse
384 3363 489 3422 sedux
509 3376 586 3422 ratus
607 3379 676 3436 erat,
691 3369 728 3426 ab
742 3366 877 3425 lateribus
898 3366 1049 3426 circumfu-

138 3439 173 3507 εἰ,
201 3457 337 3514 maguum
371 3453 507 3500 terrorem
539 3441 670 3504 intulere.
724 3445 879 3503 Contracto
913 3443 1047 3505 adversus

140 3515 283 3578 Numidas
304 3518 460 3580 certamine
481 3538 564 3592 novo,
585 3523 685 3583 tertius
709 3521 824 3601 insuper
844 3519 959 3584 advenit
981 3521 1047 3583 hos·
