2386 3930
429 225 593 286 LIBER
624 225 718 289 XXV.
969 231 1027 294 ato

114 373 248 438 'mentem
268 379 367 442 navale
390 380 537 457 proelium,
554 400 612 440 non
636 393 695 440 tam
719 379 796 458 quod
818 379 910 460 impar
922 380 1028 442 viribus

117 467 173 516 aut
186 476 302 516 numero
316 458 429 515 navium
443 469 527 528 esset,
544 459 659 538 (quippe
679 460 765 520 etiam
779 458 874 536 plures
890 459 1029 534 habebat)

121 553 208 668 quam
228 533 304 613 quod
327 536 404 604 venti
427 537 551 613 aptiores
571 537 729 606 Romanae,
743 555 828 614 quam
852 547 931 605 tuae,
946 537 1029 596 classi

143 621 232 680 arent,
252 613 376 690 perpulit
395 613 522 682 tandem,
536 623 569 672 ut
587 612 730 671 fortunam
747 615 854 674 navalis
868 613 1031 674 certaminis

121 689 242 768 experiri
262 689 357 749 vellet
396 689 436 749 Et
456 689 622 759 Marcellus,
643 683 730 780 quum
751 703 780 750 et
802 691 929 751 Siculum
950 710 1030 750 exer·

121 767 210 825 citum
240 785 278 826 ex
304 777 365 826 tota
385 767 478 826 insula
506 767 612 827 conciri
633 766 750 836 videret,
774 779 889 828 etcum
919 768 1029 846 ingenti

120 854 285 902 commeatu
306 843 426 902 classem
450 845 589 904 Punicam
609 844 771 912 adventare,
790 863 828 906 ne
851 846 933 904 simul
954 847 1031 906 terra

118 921 256 996 marique,
277 921 403 980 inclusus
428 925 500 983 urbe
522 921 657 990 hostium,
681 933 839 998 urgeretur,
886 941 1029 1002 uunquam

119 997 212 1074 impar
234 1017 353 1058 numero
375 1000 489 1058 navium
511 1012 582 1070 erat,
595 999 747 1078 prohibere
770 998 849 1056 aditu
867 942 1029 1076 {procusa-

118 1094 183 1132 rum
204 1077 395 1146 Bomilcarem
414 1077 570 1137 constituit.
610 1078 696 1137 Duae
716 1077 821 1136 classes
840 1076 962 1136 infestae
975 1077 1029 1135 cir·

119 1171 155 1212 ca
175 1155 399 1230 promontorium
420 1153 588 1232 Pachynum
609 1156 734 1223 stabant,
759 1154 808 1215 ubi
836 1154 928 1232 prima
951 1165 1029 1214 tran·

119 1229 243 1307 quillitas
256 1233 342 1292 maris
361 1233 391 1290 in
409 1231 500 1290 altum
514 1233 663 1304 erexisset,
677 1249 876 1292 concursuras.
915 1231 1028 1309 Itaque,
1062 1289 1063 1292 ,

40 1375 44 1382 .
118 1306 241 1366 cadente
261 1311 322 1386 Jam
346 1309 433 1380 Euro,
447 1309 496 1390 qui
517 1329 570 1388 per
582 1310 644 1370 dies
663 1311 771 1388 aliquot
791 1309 938 1378 saevierat,
952 1308 1029 1387 prior

117 1384 263 1444 Bomilcar
282 1387 388 1446 movit:
418 1391 499 1466 cujus
521 1388 612 1466 prima
625 1389 723 1448 classis
745 1398 844 1478 petere
863 1388 954 1448 altum
968 1387 1028 1446 visa

9 1529 11 1534 ¹
118 1471 173 1530 est,
207 1483 263 1540 quo
295 1465 405 1524 facilius
432 1476 579 1540 superaret
612 1478 847 1538 promuntunum.
886 1473 1043 1534 ceterum‚'

115 1548 267 1618 postquam
280 1542 399 1598 tendere
416 1541 454 1596 ad
475 1558 506 1599 se
527 1537 673 1596 Romanas
693 1555 780 1596 naves
794 1539 872 1607 vidit,
886 1539 1027 1600 incertum

111 1617 176 1693 qud
201 1616 297 1674 subita
320 1616 434 1674 territus
456 1634 496 1683 re,
525 1613 668 1674 Bomilcar
687 1613 750 1674 vela
768 1615 798 1670 in
825 1616 915 1674 altum
937 1615 1025 1687 dedit,

116 1692 267 1770 missisque
286 1693 397 1752 nunciis
418 1687 600 1762 Heracleam,
614 1692 662 1769 qui
682 1691 824 1751 onerarias
844 1704 920 1751 retro
940 1694 970 1751 in
984 1697 1028 1754 A·

116 1769 215 1828 fricam
238 1781 369 1850 repetere
392 1771 538 1850 juberent,
558 1771 628 1850 ipse,
654 1768 778 1830 Siciliam
805 1782 1027 1848 praetervectus,

117 1847 276 1910 Tarentum
293 1849 377 1928 petit.
415 1849 569 1929 Epicydes,
590 1858 706 1908 etanta
730 1859 848 1926 repente
869 1847 1025 1910 destitutus

117 1945 178 2002 spe,
192 1945 229 1984 ne
243 1927 272 1982 in
285 1926 473 1996 obsidionem,
488 1945 592 2003 magna
612 1947 647 1986 ex
668 1934 749 2004 parte
763 1938 874 2005 captae,
889 1925 967 1986 urbis
980 1946 1025 1986 re·

116 2003 200 2071 diret,
223 2003 414 2080 Agrigentum
437 2005 561 2082 navigat,
585 2014 802 2082 exspectaturus
828 2005 919 2082 magis
940 2021 1026 2064 even·

116 2091 188 2148 turn,
223 2099 288 2138 uam
303 2081 369 2140 inde
382 2081 532 2158 quicquam
547 2093 685 2141 moturus.

155 2157 213 2220 XX
243 2159 298 2216 111.
338 2160 433 2226 Quare
447 2159 496 2218 ubi
520 2159 548 2216 in
568 2171 662 2219 castra
684 2157 844 2218 Siculorum
865 2170 932 2294 spnt
951 2177 1025 2220 nun·

10 2245 11 2272 i
116 2236 200 2305 ciata,
226 2236 384 2314 Epicydem
409 2236 557 2315 Syracusis
580 2237 745 2306 excessisse,
764 2254 782 2294 a
804 2236 877 2298 Kart
899 2238 1024 2315 agiuien·

114 2313 195 2374 sibus
208 2313 335 2373 relictam
353 2314 486 2384 insulam,
499 2325 530 2374 et
548 2334 637 2394 prope
656 2315 762 2374 iterum·
780 2313 919 2373 Romanis
939 2315 1025 2374 tradi·

114 2399 193 2458 tam;
212 2391 322 2468 legatos
342 2393 379 2453 de
392 2392 603 2453 conditionibus
623 2391 772 2454 dedendae
792 2393 878 2461 urbis,
893 2392 1025 2469 explora·

116 2470 148 2527 td
169 2467 247 2546 prius
266 2487 318 2544 per
336 2469 477 2548 colloquia
497 2470 644 2530 voluntate
662 2488 771 2538 eorum,
785 2469 833 2547 qui
851 2470 1023 2529 obsideban-

115 2555 171 2614 tur,
185 2546 222 2604 ad
242 2545 415 2604 Marcellum
435 2548 561 2608 mittunt.
600 2550 697 2615 Quum
718 2546 796 2604 haud
814 2545 904 2604 ferme
917 2545 1023 2604 discre-

114 2633 205 2702 paret,
227 2623 303 2700 quin,
325 2641 398 2700 quae
421 2623 528 2702 ubique
550 2644 651 2700 regum
676 2623 805 2690 fuissent,
827 2621 1023 2680 Romanorum

114 2712 220 2768 essent,
236 2699 339 2759 Siculis
352 2711 449 2760 cetera
471 2719 536 2760 cum
549 2701 682 2760 libertate
700 2719 735 2760 ac
754 2699 866 2789 legibus
887 2699 944 2758 suis
964 2718 1022 2760 ser·

113 2789 266 2843 narentur:
285 2778 410 2836 evocatis
429 2778 465 2839 ad
487 2777 659 2856 colloquium
679 2777 901 2856 his,qu1busab
916 2777 1022 2856 Epicy-

115 2855 153 2914 de
165 2855 292 2916 creditae
305 2873 351 2914 res
364 2869 454 2926 erant,
469 2856 570 2914 missos
584 2874 615 2914 se
635 2856 717 2915 simul
738 2856 776 2913 ad
790 2855 969 2926 Marcellum,
984 2856 1021 2914 si·

113 2930 172 2991 mul
186 2932 224 2993 ad
244 2953 302 3004 eos,
316 2934 354 2994 ab
375 2934 502 2994 exercitu
518 2933 688 3002 Siculorum,
702 2932 790 3002 aiunt,
805 2944 836 2992 ut
850 2951 908 2992 unu
930 2933 1021 2993 omni·

113 3027 172 3078 um,
194 3009 242 3087 qui
261 3012 467 3081 obsiderentur,
487 3013 594 3091 quique
614 3022 696 3070 extra
716 3011 895 3071 obsidionem
915 3019 1019 3076 essent,
1075 3041 1081 3048 -

20 3149 27 3174 .
112 3085 228 3145 fortuna
260 3098 345 3155 esset,
372 3107 444 3146 neve
469 3089 549 3147 alteri
579 3089 691 3166 proprie
725 3088 778 3146 sibi
811 3089 1030 3168 paciscerentur

114 3162 276 3242 quicquam.
316 3163 438 3241 Recepti
459 3164 563 3223 deinde
582 3165 620 3224 ab
640 3165 683 3234 iis,
704 3175 736 3223 ut
756 3163 931 3224 necessarios
953 3161 1020 3220 hos·

135 3240 244 3317 itesque
267 3241 486 3318 alloquerentur,
507 3241 652 3320 expositis,
673 3261 746 3320 quae
766 3253 851 3322 pacta
872 3241 933 3316 jam
954 3257 1020 3301 cum
1064 3283 1067 3288 -

151 3317 256 3377 arcello
277 3318 426 3387 habereut,
440 3317 538 3379 oblata
558 3338 572 3376 s
592 3339 609 3378 e
628 3320 726 3380 salutis
746 3318 896 3398 perpulere
916 3333 974 3384 eos,
989 3323 1022 3378 ut

114 3413 212 3456 secum
232 3394 392 3472 praefectos
412 3395 437 3454 E
459 3395 485 3455 ic
506 3395 558 3466 dis,
572 3339 754 3476 Polyclitum,
769 3408 798 3454 et
812 3391 1018 3461 Philistionem,

113 3481 143 3534 et
165 3471 336 3556 Epicydem,
356 3473 404 3534 cui
428 3415 536 3534 dadon
556 3491 716 3554 cognomen
737 3483 807 3546 erat,
830 3467 1018 3550 aggrederen-
