2406 3932
421 217 606 333 'braun
635 256 749 330 xrttu.
1012 278 1067 339 ror

163 411 356 488 ldem‘titulus
370 427 461 488 tribus
475 429 569 508 signis,
591 431 619 488 in
634 429 707 490 aede
720 428 865 486 Fortunae
881 405 989 504 positis,
1013 425 1066 488 luit

162 507 317 566 sub'ectus.

194 525 264 642 dlx.
305 585 493 646 Cusrnruuru
513 583 650 660 oppidum
673 581 815 641 redditum
836 581 995 658 Campanis·
1010 596 1063 652 est,

158 659 302 720 firmatum
317 661 561 738 septingentorum
575 660 695 717 militum
710 660 746 717 de
764 662 890 720 exercitu
913 659 1065 720 Hanniba·

158 739 193 796 lis
206 737 367 816 praesidio;
386 757 432 807 ne,
447 738 496 796 ubi
518 736 633 796 Poenus
651 735 718 794 inde
741 739 934 806 abscessisset,
957 738 1064 798 Roma·

158 817 188 873 ni
205 811 412 892 oppugnarent.
454 813 645 874 Praenestinis
666 813 800 872 militibus
821 828 936 874 senatus
956 816 1065 876 Romu·

158 891 1064 970 nusduplexstipendium,etquinquenniimilitiaeracationcm‚

159 967 295 1027 decrevit.
319 970 433 1028 civitate
457 989 543 1048 quum
571 971 746 1028 donarentur
772 971 810 1026 ob
836 970 977 1038 virtutem,
1005 993 1063 1031 nou

157 1051 349 1106 mutaverunt.
389 1047 589 1107 Perusinorum
617 1047 702 1106 basiis
728 1046 876 1104 obscurior
900 1047 976 1104 lama
1003 1061 1064 1116 esta

178 1124 223 1182 u'ia
241 1144 296 1183 nec
319 1125 444 1202 ipsorum
468 1137 654 1184 monumento
674 1124 733 1182 ullo
753 1138 796 1183 est
820 1123 985 1192 illustratus,
1009 1145 1063 1184 nec

156 1144 274 1260 decreto
302 1201 506 1262 Romanorum.
548 1202 658 1261 Eodem
684 1214 816 1280 tempore
841 1201 993 1268 Petelinos,
1015 1205 1061 1280 qui

157 1279 207 1336 uni
222 1299 259 1337 ex
272 1280 390 1338 Bruttiis
404 1291 568 1339 manserant
582 1281 610 1337 in
624 1279 748 1338 amicitia
763 1281 904 1348 Romana,
919 1297 975 1336 non
990 1279 1063 1340 Kar=

135 1351 140 1358 “
158 1353 351 1434 thaginienses
365 1358 460 1426 modo,
475 1358 523 1436 qui
536 1359 682 1436 regionem
707 1357 886 1424 obtinebant,
908 1355 959 1414 sed
979 1357 1063 1417 lirut·

157 1432 189 1492 tii
203 1453 316 1512 quoque
330 1437 425 1502 ceteri,
447 1437 485 1493 ob
500 1441 632 1514 separata
651 1437 688 1494 ab
713 1454 744 1494 se
768 1435 895 1502 consilia,
917 1453 1064 1512 oppugna·

156 1511 251 1572 bant.'
277 1513 390 1577 Quibus
405 1531 493 1590 quum
507 1513 645 1570 obsistere
658 1513 741 1570 malis
761 1512 910 1588 nequirent
932 1511 1061 1581 Petelini,

155 1588 267 1664 legatos
282 1589 404 1645 Romam
420 1589 456 1645 ad
470 1583 642 1665 praesidium
657 1589 813 1665 petendum
828 1589 973 1648 miserunt.
994 1606 1063 1668 quo*-

155 1683 218 1722 rum
233 1683 332 1743 preces
345 1665 536 1744 lacrimaeque
556 1666 596 1741 (in
610 1677 727 1742 questus
741 1668 817 1724 enim
834 1665 952 1736 flebiles,
974 1687 1062 1744 quum

155 1741 269 1800 sibimet
283 1743 335 1820 ipsi
350 1743 498 1801 consulere
516 1743 587 1820 jussi
601 1755 676 1810 sunt,
692 1762 755 1802 sese
769 1744 798 1801 in
812 1745 953 1802 vestibulo
967 1747 1062 1805 curiae

154 1820 352 1902 profuderunt)
380 1821 525 1897 ingentem
553 1821 773 1879 misericordiam
803 1821 936 1880 Patribus
956 1841 991 1880 ac
1010 1843 1062 1902 po-

154 1898 223 1974 pulo
235 1910 394 1956 moverunt.
409 1898 588 1975 consultique
599 1899 701 1958 iterum
717 1897 798 1957 aM.’
810 1899 970 1978 Pomponio
980 1920 1061 1980 prac-

92 2043 96 2050 ἱ
154 1985 225 2042 tore,
237 1974 350 2044 Patres,
365 1977 578 2053 circumspectis
598 1977 730 2035 omnibus
754 1977 863 2056 imperii
882 1977 997 2046 viribus,
1018 1979 1060 2038 sa·¹

154 2051 207 2110 teri
223 2052 314 2109 coacti
329 2051 468 2129 nihilium
482 2054 642 2131 longinquis
663 2054 746 2112 sociis
761 2056 790 2111 in
813 2073 844 2113 se
863 2055 995 2134 praesidii
1016 2077 1061 2115 es-

154 2145 194 2196 se,
216 2129 308 2187 redire
328 2129 454 2198 domum,
478 2129 592 2208 fideque
612 2130 649 2188 ad
672 2131 801 2188 ultimum
821 2133 935 2208 expleti
956 2151 1060 2194 consu·

153 2206 212 2264 lere
226 2206 340 2266 sibimet
354 2208 430 2284 ipsos
450 2208 479 2265 in
493 2208 641 2286 reliquum,
663 2209 805 2286 praesenti
825 2209 947 2278 fortuni,
966 2216 1059 2289 jusse-

152 2296 246 2356 runt„
269 2285 353 2344 Haec
366 2295 517 2364 postquam
539 2286 706 2345 renunciata
727 2286 832 2362 legatio
848 2287 983 2348 Petelinis
1003 2303 1057 2358 est,

153 2371 251 2420 tantus
271 2375 389 2439 repente
409 2381 522 2422 moeror
542 2383 685 2442 pavorque
705 2376 836 2422 senatum
854 2383 952 2424 eorum
973 2370 1059 2444 cepit,

152 2451 183 2497 ut
198 2457 263 2515 pars
276 2440 463 2516 profugiendi,
485 2443 542 2518 qui
561 2443 679 2520 quisque
702 2453 807 2523 posset,
829 2461 863 2500 ac
883 2443 1059 2502 deserendae

152 2517 240 2582 urbis,
265 2529 396 2575 auctores
418 2530 534 2583 essenti
557 2539 631 2596 pars,
654 2520 767 2596 quando
791 2520 894 2577 deserti
919 2537 936 2578 a
957 2521 1059 2577 veteri-

151 2595 206 2652 bus
220 2594 305 2651 sociis
319 2606 423 2663 essent,
438 2595 612 2674 adjungendi
634 2615 665 2654 se
686 2598 790 2654 ceteris
811 2595 939 2664 Bruttiis,
954 2615 988 2656 ac
1008 2615 1060 2676 per

151 2689 202 2729 eos
216 2670 341 2728 dedendi
357 2671 521 2729 Hannibali.
561 2673 637 2731 Vicit
652 2683 749 2730 tamen
769 2691 803 2731 ea
823 2689 898 2750 pars,
923 2693 995 2752 quae
1016 2677 1058 2734 ni·

150 2747 189 2804 bil
218 2747 321 2825 raptim
346 2767 402 2807 nec
425 2761 534 2807 temere
557 2750 710 2826 agendum,
733 2751 996 2832 consulendumque
1020 2755 1059 2814 dc

151 2826 273 2902 integro,
301 2826 421 2885 censuit.
480 2826 584 2885 uelata
617 2839 731 2906 postero
765 2827 811 2886 die
843 2849 895 2906 per
920 2831 1060 2892 minorem

150 2904 370 2981 trepidationem
396 2923 435 2974 re,
464 2915 616 2963 tenuerunt
647 2907 808 2982 optimates,
844 2919 884 2977 ut,
912 2913 1059 2971 consectis

92 3035 94 3040 .
150 2982 282 3039 omnibus
296 3001 333 3039 ex
347 2984 429 3059 agris,
444 2984 545 3042 urbem
559 2999 595 3042 ac
609 3001 705 3042 muros
719 2986 872 3044 firmarent.
896 3009 899 3018 Δ
984 3011 987 3018 ¹

123 3099 126 3106 .
188 3059 270 3115 XXl.
311 3061 467 3118 Paridem
484 3061 544 3118 fere
562 3072 676 3138 tempus
694 3059 793 3120 literae
814 3063 968 3123 ex²Sicilia
990 3065 1055 3122 Sar-

148 3133 282 3212 diniaque
296 3137 419 3194 Romam
434 3137 546 3196 allatae.
567 3199 570 3204 ,
587 3137 699 3197 Priores
718 3157 754 3197 ex
780 3139 876 3200 Sicilia
887 3141 924 3199 T.
938 3134 1056 3201 Otacilii

149 3215 338 3290 propraetoris
352 3214 380 3270 in
401 3225 501 3272 senatu
520 3215 656 3280 recitatae
676 3228 761 3275 sunt:
783 3218 817 3275 L.
838 3218 954 3277 Furium
974 3237 1056 3296 prae-

150 3302 242 3348 torem
257 3307 323 3347 cum
337 3292 427 3350 classe
441 3311 477 3350 ex
492 3290 592 3352 Africa
609 3292 782 3372 Lilybaeum
802 3298 913 3353 venisse
924 3319 931 3361 ;
942 3295 1053 3372 ipsum,

147 3367 273 3444 graviter
290 3367 426 3436 saucium,
446 3370 475 3426 in
495 3365 655 3430 discrimin'e
676 3373 777 3431 ultimo
795 3373 870 3430 vitae
891 3389 962 3428 esse.
983 3370 1055 3428 miii·

149 3446 169 3503 ti
185 3458 214 3503 et
229 3443 377 3503 navalibus
395 3447 479 3504 sociis
497 3465 591 3525 neque
613 3451 795 3526 stipendium,
816 3467 910 3522 neque
930 3447 1055 3507 frumen·

149 3533 220 3603 tum,
243 3522 281 3582 ad
296 3523 385 3642 piem
408 3525 487 3595 dari}
511 3543 613 3604 neque,
634 3527 824 3592 urrdedetur,
845 3541 918 3582 esse.
936 3541 1057 3604 magno«
