2406 3932
164 225 204 282 at
354 219 361 230 “
516 224 727 288 Mtvlr
757 235 765 250 ·

166 385 186 434 ‘t
194 395 254 436 non
267 377 506 457 supplementum,
520 400 579 444 nou
591 379 753 458 pecuniam,
764 371 895 448 lrabeat?
927 375 1071 446 Quamdiu

166 461 184 510 ‘.‘
199 473 250 530 pro
278 457 406 528 Gerooii,
440 458 548 518 castelli
575 459 702 535 Apuliae
728 458 828 534 inopis,
854 467 1071 534 tanquampro

109 533 113 542 '
167 540 187 588 ‘.‘
199 531 385 611 Karthaginis
398 536 601 614 moenibus-l
623 535 682 594 Sed
702 555 739 596 ne
758 535 892 594 adversus
912 533 1076 610 tequidem
1123 601 1125 606 Ι

167 617 253 685 “ego
276 613 428 688 gloriabor.
468 614 522 673 Cn.
544 613 678 676 Servilius
700 627 785 690 atque
810 613 924 680 Atilius,
949 611 1077 687 proximi

165 690 340 759 “cumules
364 692 438 760 vids,
471 691 713 768 quemadmodum
741 709 807 768 eum
833 688 970 750 ludificati
1002 689 1070 746 sint.

165 773 184 812 ‘·‘
198 765 284 826 Haec
304 787 361 826 una
380 768 479 828 salutis
498 765 543 828 est
562 769 617 837 via,
641 769 677 828 L.
700 769 800 836 Paule,
823 787 909 844 qrtem
932 763 1072 826 deficilem

167 842 387 923 “infestamque
413 847 490 906 cives
509 847 564 906 sibi
592 846 690 922 magis,
722 863 807 923 quam
828 847 936 915 hostes,
956 843 1074 904 facient.

152 927 183 959 ·⁵‘
196 919 273 980 idem
297 925 374 982 enim
396 924 448 992 tui,
472 923 552 1000 quod
572 923 696 982 bostium
720 922 833 991 milites,
856 924 971 982 volent:
995 921 1071 978 idem

167 1005 186 1046 ‘·‘
200 997 300 1071 Varro,
315 1003 413 1062 cousul
436 1001 593 1069 Romanus,
617 1001 695 1077 quod
710 1001 867 1070 Hannibal,
892 1002 1007 1060 Poenus
1020 998 1073 1056 im·

167 1083 322 1154 t‘fperator,
336 1081 441 1158 cupiet.
465 1078 579 1136 duobus
599 1077 722 1138 ducibus
746 1097 819 1139 unus
842 1079 965 1146 resistas,
987 1093 1072 1152 opor·

167 1161 185 1190 “
200 1165 262 1214 tet:
276 1156 389 1216 resistes
401 1168 508 1225 autern,
532 1156 669 1216 adversus
692 1156 797 1214 famam
814 1173 999 1231 rumoresque
1019 1152 1072 1210 ho·

167 1233 307 1290 “minum
321 1235 345 1290 si
364 1236 433 1292 satis
456 1235 554 1292 firmus
573 1235 708 1301 steteria;
729 1235 752 1292 si
774 1245 803 1294 te
823 1253 917 1310 neque
943 1231 1073 1306 collegae

167 1317 187 1354 t‘
198 1327 274 1368 nana
287 1311 386 1386 gloria,
407 1329 500 1388 neque
521 1323 571 1370 tua
590 1312 662 1373 falsa
681 1311 810 1370 infamia·
821 1310 949 1370 moverit.
989 1308 1070 1366 Veri-

166 1392 184 1420 “
198 1395 289 1444 tatem
313 1388 444 1448 laborare
469 1389 553 1448 nimis
579 1407 675 1468 saepe,
706 1389 796 1456 aiunt,
831 1387 975 1463 exstingui
1001 1405 1073 1444 nun·

167 1470 294 1548 “quana
335 1465 463 1526 Gloriam
477 1468 526 1543 qui
539 1466 685 1544 spreverit,
708 1483 804 1526 veram
824 1464 953 1523 habebit·
994 1465 1071 1533 Sine,

168 1541 331 1602 “timidum
350 1564 403 1622 pro
426 1555 522 1613 cauto,
549 1544 663 1604 tardum
685 1561 737 1622 pro
760 1541 949 1610 considerato,
972 1540 1074 1598 imbel-

168 1618 256 1681 “lem
270 1641 322 1698 pro
345 1623 437 1700 perito
458 1622 536 1693 belli,
558 1633 672 1685 vocent.
696 1622 777 1682 malo
795 1633 824 1680 te
848 1620 961 1697 sapiens
982 1617 1073 1692 bostis

168 1704 184 1764 τ’
200 1711 319 1768 metuat,
333 1719 420 1779 quam
433 1700 511 1760 stulti
532 1701 609 1760 cives
629 1699 756 1758 laudent.
796 1698 902 1756 Omnia
920 1696 1074 1756 audentem

167 1785 185 1846 ,“
201 1790 366 1838 contemnet
393 1777 559 1836 Hannibale
592 1776 632 1830 nil
660 1787 767 1832 temere
793 1783 932 1846 agentem,
955 1783 1075 1830 metuet.

166 1861 185 1912 t‘
201 1853 265 1914 Neo
277 1874 341 1930 ego,
366 1865 398 1912 ut
416 1851 487 1909 nihil
507 1859 618 1924 agatur,
639 1866 762 1915 moueo;
785 1847 835 1908 sed
849 1859 881 1906 ut
895 1860 1028 1923 agentem
1043 1859 1074 1908 te

168 1930 272 1986 “ratio
299 1930 395 1996 ducat,
423 1946 481 1985 non
508 1925 641 1987 fortuna:
675 1936 743 1985 tuae
773 1925 924 2003 potestatis
950 1944 1073 2002 semper,

168 2013 187 2041 ‘⁴
200 2015 307 2080 tuaque
331 2004 426 2062 omnia
450 2003 516 2067 sint.
539 2015 667 2064 armatus
690 2004 874 2082 intentusque
896 2005 960 2072 sis:¹
981 2022 1075 2080 neque

167 2081 343 2140 “occasioni
367 2091 435 2142 tuae
461 2083 547 2152 desis,
571 2103 666 2162 neque
693 2102 774 2149 suam
796 2081 976 2142 occasionem
998 2079 1074 2139 bosti

167 2157 259 2216 “des
314 2159 420 2219 Omnia
446 2181 504 2220 uon
525 2161 694 2238 ,properanti
721 2162 799 2220 clara
822 2173 958 2236 certaque
981 2169 1074 2216 erunt.

167 2244 185 2298 .‘,‘
198 2233 343 2299 festinatio
357 2238 515 2316 improvida
527 2252 582 2306 est,
597 2250 626 2297 et
640 2238 753 2296 caeca.”

205 2311 272 2374 XL.
311 2319 480 2374 Anvaasus
494 2334 529 2374 ea
549 2317 639 2374 oratio
660 2315 785 2372 consulis
807 2313 885 2370 baud
906 2329 976 2370 sane
996 2309 1075 2368 laeta

165 2388 229 2458 fnit,
243 2392 334 2468 magis
347 2390 471 2457 fatentis,
495 2409 538 2460 ea,
564 2410 638 2469 quae
661 2391 778 2458 diceret,
801 2409 876 2458 vera,
897 2407 984 2468 quam
1004 2387 1073 2446 faci·

165 2467 204 2526 lia
217 2467 305 2538 factu,
320 2487 391 2544 ease.
432 2469 575 2530 Dictatori
598 2470 764 2545 magistrum
789 2469 917 2545 equitum
941 2465 1074 2525 intuleras

112 2572 115 2580 ¹
166 2545 253 2608 bilem
267 2548 373 2616 fuisse}
386 2546 454 2624 quid
468 2547 578 2610 consuli
591 2548 727 2606 adversus
747 2547 888 2622 collegam
908 2545 1074 2604 seditiosum

165 2641 201 2680 ac
224 2627 406 2686 temerarium
424 2625 637 2703 virium-atque
657 2625 835 2684 auctoritatis
848 2623 930 2682 sore?
972 2621 1010 2679 Se
1023 2639 1074 2697 po·

167 2698 267 2771 {tulare
292 2703 456 2764 incendium
480 2704 574 2781 priore
595 2703 745 2765 consulatu
773 2702 940 2762 semiustum
961 2698 1076 2774 effugias

159 2782 215 2839 ,tet
229 2789 340 2851 optare,
354 2793 385 2836 ut
399 2781 495 2838 omnia
508 2801 643 2857 prospere
653 2780 808 2838 evenirent.
830 2791 869 2846 at,
892 2777 915 2834 si
937 2775 1004 2850 quid
1024 2774 1075 2830 ad-

165 2851 238 2929 uersi
265 2853 389 2919 caderm,
414 2855 539 2913 bostium
562 2875 594 2912 se
618 2855 682 2912 telis
704 2854 807 2927 potius,
829 2871 915 2928 quam
935 2849 1075 2925 suffragiis

164 2927 304 2988 iratorum
328 2929 441 2994 civium,
466 2939 554 3004 caput
573 2931 763 3004 objecturum.
804 2930 853 2986 Ab
874 2928 930 2986 hoc
945 2944 1077 3002 sermone

165 3005 328 3080 profectum
349 3003 481 3064 Paullum
495 3004 620 3074 tradunt,
644 3004 882 3081 prosequentibus
906 3003 1077 3080 pnimnribus

167 3079 295 3146 Petrum.
335 3081 484 3143 Plebeium
499 3083 646 3143 consulem
660 3099 712 3139 sua
725 3081 826 3158 plebea
839 3096 1002 3158 prosecuta,
1015 3093 1076 3141 tur·

71 3227 75 3236 ¹
164 3159 215 3226 ba,
240 3179 329 3237 quant
352 3159 512 3236 dignitate„
530 3159 718 3236 conspectior.
758 3160 801 3220 Ut
824 3161 852 3217 in
875 3171 969 3230 castra
990 3179 1076 3218 vene·

167 3248 244 3306 nmt,
265 3238 407 3315 permixto
428 3257 503 3318 novo
522 3240 651 3300 exercitu
663 3256 699 3296 ac
714 3247 818 3306 vetere,
832 3237 933 3296 castris
948 3235 1076 3297 bisarium

83 3315 88 3320 '
165 3313 261 3382 saetis,
276 3329 309 3376 ut
332 3335 406 3376 nova
428 3317 538 3376 minora
561 3327 657 3379 essent
679 3315 796 3394 propius
820 3313 1025 3382 Hannibalern,
1046 3315 1076 3370 in

168 3393 313 3464 veteribus
326 3397 416 3472 majos
429 3413 504 3472 pars,
519 3406 549 3462 et
568 3414 654 3454 omne
666 3395 753 3452 robor
772 3393 872 3468 vinum
887 3404 981 3452 esset:
1004 3403 1075 3458 tum,

168 3473 322 3548 nmmum
336 3473 403 3540 anni
415 3473 522 3554 prioris,
538 3472 582 3532 M.
598 3473 728 3546 Atilium,
743 3486 866 3534 aetatem
879 3478 1076 3548 excusantem,
