2406 3932
177 275 232 337 raa
534 264 568 330 Τ.
596 265 761 330 trvrrz
842 335 856 350 ‚

177 431 329 488 “siturum
344 437 412 486 ante
426 426 563 485 invictum
577 425 704 485 vestrum
724 426 924 503 imperatorem
945 428 1085 499 incusare,

160 523 163 529 ’
178 519 196 548 “
209 525 294 584 quam
308 507 419 563 finitum
434 504 527 581 aliqua
540 505 682 563 tolerabili
695 504 856 562 conditione
877 505 985 563 bellum
1009 507 1086 566 vide·

178 597 196 626 “
210 605 259 644 ro:
285 603 338 642 nec
353 582 421 640 mihi
442 583 520 658 pacis
541 583 676 659 antiquae
696 581 866 641 desiderium
886 582 944 640 ulla
958 584 1014 642 alia
1028 603 1084 654 res,

170 675 195 704 ‘⁴‘
209 681 294 740 quam
308 679 365 738 pax
380 678 463 727 nova,
477 659 566 719 finiet.
606 661 708 750 ltaque
730 660 792 728 ista,
817 679 891 738 quae
910 660 996 718 modo
1017 661 1086 719 Ma·

176 751 195 780 ‘³
208 759 246 816 go
257 738 385 817 jactavit,
405 737 564 796 Himilconi
585 748 742 814 ceterisque
764 737 935 797 Hannibalis
955 737 1084 796 satellitib

176 829 194 858 “
208 819 263 876 bus
274 820 334 894 jam
347 816 423 875 laeta
436 826 522 873 sunta
545 814 614 872 mihi
635 825 754 892 possunt
774 815 850 874 laeta
863 835 935 885 esse,
959 816 1024 893 quia
1037 833 1084 875 res
1174 889 1177 896 1

175 907 195 936 “
209 894 286 954 bello
300 895 376 953 bene
389 905 498 971 gestae,
523 893 547 950 si
560 892 690 950 volumus
710 892 825 952 fortuna
844 896 896 964 uti,
918 912 1018 972 pacem
1032 913 1084 952 no·

175 973 252 1032 “bis
279 973 440 1050 aequiorem
468 970 588 1028 dabunt.
611 975 687 1038 narn,
712 969 735 1027 si
755 973 1008 1046 praetermittimus
1027 972 1083 1031 hoc

175 1062 194 1092 ‘⁸
208 1063 331 1128 tempus,
359 1071 415 1128 quo
442 1048 533 1124 magis
554 1047 632 1114 dare,
656 1066 742 1125 quam
769 1049 908 1126 accipere,
931 1068 1082 1126 possumus

175 1139 194 1170 ⁴¹
208 1129 296 1187 videri
310 1147 420 1218 pacem,
434 1145 544 1193 vereor,
558 1145 595 1184 ne
615 1127 689 1184 haec
709 1144 823 1203 quoque
842 1127 951 1186 laetitia
974 1127 1081 1184 luxuri·

175 1218 194 1246 “
208 1221 238 1266 et
252 1207 343 1273 nobis,
358 1225 393 1263 ac
407 1222 480 1264 vana
499 1203 611 1262 eradat.
652 1206 734 1270 Quae
754 1215 851 1263 tamen
870 1223 947 1262 nunc
968 1223 1081 1282 quoque

175 1283 298 1360 “qualis
322 1283 390 1341 est?
431 1281 534 1339 Occidi
555 1281 698 1340 exercitus
718 1282 862 1339 hostiumr
885 1281 989 1340 mittite
1009 1282 1082 1339 mili-

174 1371 194 1400 “
208 1374 251 1418 tes
262 1359 339 1417 mihi.
380 1359 457 1424 Quid
472 1358 549 1416 aliud
563 1377 687 1435 rogares,
702 1359 725 1415 si
747 1378 823 1417 esses
847 1359 964 1419 victus?
1004 1359 1082 1417 Hos-

174 1447 192 1478 “
206 1439 278 1495 tium
292 1437 356 1516 cepi
369 1437 438 1495 bina
451 1448 554 1504 castra,
573 1436 695 1513 praedae
708 1433 841 1493 videlicet
860 1438 945 1512 plena
959 1449 989 1495 et
1003 1455 1081 1495 com·

175 1527 193 1556 ‘⁴
207 1528 373 1576 meatuum:
396 1516 570 1576 frumentum
595 1526 625 1572 et
644 1511 796 1592 pecuniam
816 1513 891 1572 date.
931 1515 1010 1578 Quid
1030 1516 1081 1572 ali-

173 1605 193 1634 “
206 1595 255 1664 ud,
268 1595 292 1652 si
307 1595 453 1672 spoliatus,
475 1593 497 1651 si
512 1605 617 1654 exutus
631 1593 730 1650 castris
744 1611 831 1661 esses,
851 1590 989 1668 peteres?
1030 1592 1079 1661 Et,

173 1683 192 1712 “
205 1691 242 1731 ne
269 1674 365 1732 omnia
391 1674 451 1751 ipse
474 1672 566 1739 mirer,
595 1670 675 1746 (mihi
699 1689 812 1746 quoque
839 1671 924 1736 enim,
946 1668 1080 1746 quoniam

171 1752 337 1829 “respondi
352 1748 517 1813 Himilconi,
538 1748 712 1819 interrogare
728 1748 775 1818 jus
796 1747 896 1820 fasque
918 1753 973 1813 est)
996 1747 1080 1804 velim

171 1841 190 1870 “
204 1849 255 1888 seu
275 1829 402 1884 Himilco
425 1841 476 1880 seu
500 1821 591 1895 Mago
611 1821 798 1894 respondeam
820 1839 907 1897 quum
931 1822 968 1878 ad
992 1824 1080 1882 inter·

170 1905 353 1962 “necionem
378 1897 500 1956 Romani
519 1895 628 1972 imperii
653 1910 812 1974 pugnatum
836 1899 874 1955 ad
895 1899 1011 1958 Cannas
1032 1902 1077 1971 sit,

170 1991 189 2020 “
203 1988 371 2110 constetpue
384 1977 413 2032 in
427 1972 589 2032 defectione
604 1985 694 2034 totam
715 1976 827 2034 Italiam
843 1995 925 2045 esse;
945 1969 1077 2054 pn'mum,

169 2068 189 2097 “
202 2055 299 2131 ecquis
341 2053 409 2111 atini
422 2052 545 2112 nominis
564 2053 688 2131 populus
710 2054 847 2113 defecerit
868 2055 905 2114 ad
929 2057 1004 2114 nos?
1027 2057 1077 2116 de·

169 2145 187 2173 ‘⁴
197 2133 273 2201 inde,
289 2132 387 2210 ecquis
400 2131 487 2190 homo
502 2151 539 2189 ex
550 2132 674 2209 quinque
694 2145 723 2191 et
745 2133 861 2210 triginta
884 2134 1016 2192 tribubus
1040 2135 1078 2192 ad

167 2221 187 2250 “
201 2210 397 2270 Hannibalem
419 2209 644 2285 transfugerit?''
689 2213 786 2275 Quum
810 2221 962 2286 utrumque
985 2211 1077 2286 Mago

167 2289 325 2366 negasset?
375 2287 545 2345 “Hostium
569 2286 683 2363 quidem
705 2284 800 2362 ergo,”
821 2287 921 2362 inquit,
947 2294 965 2324 “
979 2287 1077 2347 adhuc

169 2367 284 2428 “nimis
298 2363 419 2424 multum
434 2375 573 2440 superest.
614 2363 681 2431 Sed,
696 2361 850 2420 multitudo
871 2381 906 2422 ea
926 2363 994 2442 quid
1015 2367 1076 2423 ani·

169 2456 187 2486 ‘¹
201 2464 322 2514 mamm,
337 2443 441 2522 quidve
454 2441 524 2519 spei,
538 2441 654 2508 habeat,
669 2441 740 2500 scire
753 2439 863 2498 velim.”

206 2523 292 2585 Xlll.
332 2525 440 2590 Quunr,
455 2519 484 2578 id
498 2519 617 2589 nescire,
632 2519 722 2596 Mago
743 2518 871 2578 diceret:
897 2529 915 2558 “
930 2519 1010 2576 Nihil
1033 2520 1092 2578 fa-.

168 2614 187 2643 “
201 2603 283 2662 cilius
298 2601 370 2660 scitu
391 2599 461 2669 est,”
484 2599 585 2676 inquit.
626 2607 644 2637 “
660 2597 776 2676 Ecquos
799 2598 910 2676 legatos
931 2596 968 2655 ad
992 2597 1075 2656 Han·

167 2689 188 2717 “
200 2680 325 2756 nibalem
343 2678 465 2737 Romani
479 2678 617 2737 miserunt
634 2676 672 2736 de
693 2675 788 2754 pace?
811 2695 932 2753 ecquam
952 2675 1075 2754 denique

170 2765 188 2793 ‘⁴
203 2756 378 2812 mentionem
393 2757 472 2833 pacis
486 2755 598 2814 Romae
610 2755 717 2814 factam
738 2773 801 2812 esse
824 2755 942 2811 allatum
966 2753 1003 2810 ad
1025 2771 1075 2812 vos

166 2842 185 2869 ‘⁴
200 2830 283 2889 est?'’
324 2833 422 2894 Quum
446 2834 475 2888 id
498 2851 612 2906 quoque
631 2834 773 2906 negasset,
801 2830 942 2886 “Bellum
962 2830 1075 2902 igitur,'’

166 2909 193 2966 in
215 2908 266 2976 uit,
288 2913 306 2944 “
320 2917 380 2962 tam
393 2907 535 2981 integrum
556 2907 705 2970 habemus,
727 2923 812 2979 quam
832 2903 994 2972 habuimus
1017 2911 1075 2983 quai

167 2928 246 3044 “die
260 2982 407 3040 Hannibal
421 2983 450 3038 iri
471 2980 582 3038 ltaliam
603 2993 647 3039 est
667 2992 868 3055 transgressus.
908 2983 1004 3046 Quam
1025 3003 1074 3043 va-

165 3075 186 3104 ⁸³
200 3065 241 3121 ria
265 3060 384 3119 victoria
400 3060 492 3138 priore
516 3059 624 3116 Punico
648 3057 724 3116 bello
747 3058 842 3127 fuerit,
865 3059 1002 3136 plerique,
1024 3064 1073 3141 qui

164 3138 419 3209 ‘meminerimus
447 3155 639 3216 supersumus.
665 3155 812 3214 nunquam
841 3139 917 3196 terra
945 3140 1073 3217 marique

167 3231 186 3260 ‘⁴
200 3217 290 3295 magis
309 3235 462 3295 prosperae
487 3235 540 3276 res'
552 3228 666 3275 nostrae
684 3215 761 3274 visae
788 3227 864 3285 sunt,
893 3233 977 3294 quam
1005 3229 1072 3277 ante

167 3309 186 3338 “
200 3295 377 3357 consulesC.
389 3295 537 3354 Lutatium
555 3307 586 3354 et
606 3297 643 3354 A.
667 3293 845 3352 Postumium
864 3293 990 3352 fuerunt.
1012 3295 1071 3353 Lu·

167 3387 186 3415 “
199 3375 271 3434 tatio
285 3386 315 3434 et
329 3373 477 3433 Postumio
491 3373 665 3442 consulibus,
690 3371 794 3431 devicti
817 3371 854 3430 ad
879 3373 1005 3449 Aegates
1026 3372 1070 3428 in·

167 3462 186 3489 “
200 3454 277 3512 sulas
290 3471 397 3513 sumus.
438 3452 569 3518 Quod-si
590 3453 631 3529 (id
657 3451 733 3528 quod
760 3451 799 3508 dii
820 3469 903 3509 omen
930 3451 1070 3528 arctant)

167 3535 277 3602 “nunc
291 3551 404 3611 quoque
423 3532 537 3592 fortuna
561 3529 668 3610 aliquid
691 3529 857 3598 variaverit;
883 3543 944 3588 tum
966 3543 1069 3604 pacem
