2386 3930
164 243 221 304 aas
472 237 486 288 ἱ
518 235 552 300 Τ.
580 233 756 300 n‘1v1t‘

163 399 212 476 qni
226 399 254 456 in
278 397 418 476 praesidio
433 391 550 456 Tarenti
564 408 656 467 erant,
670 406 806 474 suspecta
819 394 881 454 esse
902 399 963 484 jam
977 393 1077 484 s‘cgriis

70 495 92 530 .·
162 495 242 536 mora
255 481 317 555 ejus
331 476 460 535 desierat.

203 556 256 614 IX.
295 556 463 621 Caranum,
487 563 640 631 postquam
668 553 825 612 Tarentum
846 552 886 610 ire
902 553 1078 621 constituit,

163 634 265 694 decem
278 633 402 689 millibus
420 631 549 708 peditum
570 645 658 710 atque
672 633 807 709 equitum,
822 650 894 708 quos
906 628 935 688 in
954 631 1080 707 expedi·

163 713 240 770 tione
263 709 413 768 velocitate
435 729 596 787 corporum,
614 729 654 768 ac
675 711 790 772 levitate
814 727 964 776 armorum,
984 709 1078 786 aptis-

163 789 249 846 simos
272 806 336 848 esse
357 798 435 846 ratus
458 801 512 857 est,
527 789 634 857 electis,
650 789 751 866 quarta
764 788 860 846 vicilia
880 788 971 845 noctis
992 789 1079 862 signa
1105 837 1108 848 .

164 867 261 924 movit.
283 866 504 943 praemissisque
526 867 674 942 octoginta-
692 866 752 924 fere
777 833 910 924 llumidis
932 865 1078 942 equitibus

163 944 319 1023 praecepit,
344 955 376 1003 ut
400 945 590 1004 discurrerent
616 945 692 1005 circa
715 945 783 1014 vias,
815 945 1078 1022 perlustrarentque

164 1023 262 1082 omnia
281 1024 381 1093 oculis,
395 1029 434 1080 ne·
446 1023 508 1100 quis
525 1023 678 1100 agrestium
698 1021 798 1098 procul
819 1032 965 1099 spectator
986 1022 1077 1098 agmi-

162 1103 207 1160 nis
227 1102 358 1169 falleret;
386 1117 566 1178 praegressos
585 1099 772 1169 retraherent,
788 1100 887 1172 obvios
901 1099 1077 1168 occiderent,

163 1191 198 1237 ut
219 1181 396 1256 praedonum
423 1179 521 1254 magis,
546 1193 631 1253 quam
656 1179 809 1246 exercitlls,
832 1177 939 1236 accolis
966 1177 1080 1254 species

163 1272 248 1316 esset.
267 1257 337 1331 ipse,
352 1253 455 1332 raptim
479 1255 592 1330 agmine
613 1267 689 1324 acto,
704 1253 868 1332 quindecim
882 1255 972 1313 ferme
994 1254 1079 1310 milli·

163 1353 212 1391 um
237 1334 329 1408 spatio
350 1345 443 1390 castra
457 1332 494 1390 ab
514 1332 642 1389 ‘Tarento
665 1335 781 1407 posuitt
802 1344 840 1401 et,
855 1353 895 1393 na
906 1333 946 1391 ibi
961 1331 1079 1410 quidem

162 1410 307 1477 nunciato,
322 1424 378 1486 quo
391 1417 552 1486 pergerent,
567 1417 679 1482 tantum
697 1420 871 1467 convocatos
895 1411 1000 1468 milites
1014 1429 1079 1466 mo-

162 1487 234 1556 nuit,
248 1485 295 1545 via
317 1505 418 1545 omnes
440 1486 533 1553 ir'entr
562 1505 617 1544 nac
640 1485 741 1544 diverti
764 1503 935 1563 quenquam,
950 1497 1001 1542 aut
1025 1505 1080 1543 en·

163 1566 268 1625 cedere
287 1566 418 1625 ordinem
445 1564 574 1642 agminis,
601 1575 777 1642 paterentur,
802 1575 831 1622 et
846 1563 883 1620 ¹in
909 1563 1004 1640 primis
1033 1563 1081 1620 in-

164 1647 236 1703 tenti
251 1644 288 1704 ad
301 1643 420 1723 imperia
438 1643 604 1722 accipienda
618 1655 731 1711 essent;
750 1639 889 1720 neuquid
903 1641 956 1698 nisi
970 1641 1082 1700 ducum

162 1726 244 1801 jussu
257 1722 400 1798 facerent:
422 1741 453 1779 se
472 1722 501 1778 in
518 1733 647 1798 tempore
668 1721 820 1788 editurum,
835 1739 908 1796 qnae
922 1719 1008 1778 vellet
1021 1721 1080 1796 agi.

165 1802 279 1860 Eadem
291 1801 381 1858 ferme
394 1799 466 1856 hora
481 1797 637 1856 Tarentum
651 1797 728 1855 sama
742 1798 919 1874 pervenerat,
936 1796 1080 1856 Numidas

166 1879 276 1954 equites
297 1893 407 1952 paucos
432 1874 562 1950 populari
581 1893 674 1951 agros,
688 1885 884 1952 terroremque
904 1875 962 1932 late
982 1893 1079 1951 agres-

165 1955 243 2012 tibus
266 1953 405 2029 injecissa.
446 1951 496 2008 Ad
519 1963 615 2030 quern⁴
629 1953 766 2012 nuncium
790 1953 860 2010 nihil
884 1953 959 2012 ultra
982 1965 1079 2010 motus

106 2047 109 2052 ·
165 2031 326 2109 praefectus
349 2029 508 2098 Romanus,
526 2048 611 2108 quam
634 2043 667 2090 ut
687 2043 798 2109 partem
813 2031 942 2110 equitum
963 2043 1079 2109 postero

164 2109 212 2166 die
232 2109 297 2169 luce
319 2107 412 2184 primia
433 2109 548 2186 juberet
562 2109 640 2168 exire
653 2109 689 2168 ad
711 2111 867 2169 arcendum
888 2109 1080 2186 populationi-

83 2215 87 2221 -
164 2187 220 2244 bus
240 2185 362 2244 hostem.
376 2186 405 2242 in
419 2196 515 2244 cetera
533 2187 607 2244 adeo
627 2188 696 2244 nihil
717 2189 755 2246 ob
769 2188 799 2245 id
817 2188 929 2244 intenta
942 2205 1011 2244 cura
1025 2202 1080 2256 est,

163 2275 319 2322 utcontra
340 2282 391 2340 pro
413 2275 582 2340 argumento
601 2263 687 2330 fuerit
707 2265 755 2322 illa
776 2263 951 2340 procursatio
977 2262 1082 2321 Numi·

163 2341 276 2409 darum,
300 2340 494 2399 Hannibalem
513 2341 728 2418 exercitumque
747 2339 847 2399 castris
866 2357 925 2396 non
947 2340 1081 2400 movisse.

168 2419 315 2481 Hannibal
337 2418 480 2478 concubid
503 2428 589 2476 nocte
610 2419 707 2476 movit.
728 2418 788 2477 dux
808 2417 994 2477 Philemenus
1007 2433 1080 2489 erat,

168 2517 236 2558 cum
256 2497 339 2557 solito
359 2509 463 2574 captae
477 2497 635 2556 venationis
648 2515 745 2556 onere.
758 2497 847 2556 ceteri
861 2497 1020 2575 proditores
1034 2516 1081 2570 ca,

167 2597 243 2655 quae
267 2574 425 2654 composita
449 2587 539 2645 erant,
563 2577 781 2654 exspectabant.
825 2575 1005 2635 Convenerat
1029 2593 1082 2633 au·
1183 2577 1184 2630 ζ

166 2665 238 2722 tem,
260 2666 292 2713 ut
316 2652 513 2722 Philemenus,
528 2655 642 2732 portula
665 2657 781 2712 assueta
803 2654 984 2712 venationem
1008 2651 1080 2711 infe·

154 2749 244 2798 prens,
265 2744 391 2792 armatos
411 2732 581 2802 inducerett
611 2746 693 2810 parte
713 2733 777 2791 alia.
790 2743 902 2810 portam
923 2731 1081 2790 Temenida

164 2808 262 2864 adiret
285 2810 443 2868 Hannibal.
499 2811 542 2868 Ea
565 2811 773 2870 mediterranea
798 2811 914 2885 regione
941 2811 1080 2868 orientem

169 2885 328 2962 spectabat.
342 2887 518 2962 aliquantum
533 2889 607 2945 intra
620 2890 733 2946 moenia
750 2888 942 2946 includuntur.
983 2889 1080 2952 Quum

170 2973 269 3041 portae
295 2962 544 3038 appropinquaret,
569 2965 663 3022 editus
691 2985 728 3022 cx
754 2965 912 3043 composito
942 2965 1016 3042 ignis
1043 2968 1079 3026 ab

165 3039 336 3099 Hannibale
360 3051 413 3106 est,
437 3039 611 3120 refulsitque.
636 3041 720 3100 idem'
736 3043 880 3103 redditum
907 3043 1081 3102 ab'Nicone

119 3125 122 3139 '
169 3119 300 3194 signum:
320 3116 464 3176 extinctae
484 3117 588 3178 deinde
603 3121 734 3198 utrinque
748 3123 881 3180 flammae
895 3128 980 3179 sunt.
998 3123 1080 3180 Han·

103 3201 107 3206 '
171 3197 249 3256 nibal
263 3195 375 3255 silentio
389 3194 516 3268 ducebat
538 3198 576 3255 ad
598 3209 720 3276 portam.
761 3199 896 3268 Nico,:ex
919 3199 1080 3276 improviso,

167 3276 288 3333 adortus
308 3275 415 3352 sopitos
429 3274 536 3350 vigiles,
550 3276 579 3332 in
600 3277 742 3335 cubilibus
760 3277 818 3334 suis
840 3277 1003 3344 obtruncat,
1019 3297 1082 3355 por·

153 3352 409 3443 tamqueaperit.
448 3353 595 3412 Hannibal
618 3373 683 3412 cum
708 3355 837 3432 peditum
858 3355 973 3432 agmine
990 3357 1083 3431 ingre-

167 3428 256 3498 ditur,
271 3441 384 3508 equites
402 3430 555 3490 subsistere
574 3433 677 3510 jubetr
699 3447 739 3499 nt,
750 3451 870 3508 queres
884 3433 1017 3512 postulet,
1032 3449 1081 3490 oc»

170 3508 389 3594 cunerelibero
403 3527 504 3588 campo
528 3521 654 3588 possent.
695 3511 733 3568 Et
747 3511 932 3571 Philemenus
951 3509 1081 3589 portulae
