2534 4010
209 217 250 282 38
554 213 600 274 n.
627 215 761 275 letr

207 365 304 435 “mas
318 373 478 452 prmincias
500 391 587 443 meas,
614 373 739 433 Siciliam
756 384 792 434 et
815 369 984 444 Sardiniam,
1006 367 1121 435 odida

209 466 227 494 ‘¹
241 455 327 514 etiam
343 451 523 531 Hispanias?
553 463 593 516 et,
615 452 683 511 inde
701 471 826 520 cessero,
839 453 868 509 in
884 452 1020 511 Africam
1039 466 1120 515 tren·

209 546 228 572 ‘⁶
241 531 370 591 scender-
420 531 622 593 Transcendes
644 541 751 601 mrtem,
775 531 867 590 dico?
896 531 969 590 duos
983 533 1120 591 consules

208 621 226 650 ⁴‘
241 609 415 688 hujusanni,
429 609 562 668 nnumin
578 607 716 680 Africam,
740 612 861 668 alterum
883 607 913 667 in
935 609 1120 700 Hispaniam,

209 700 227 728 ⁶‘
242 690 387 747 miserunt.
407 687 478 748 nihil
492 705 612 765 usquam
632 689 716 746 nobis
739 687 869 746 relictum
894 700 950 758 est,
971 687 1030 746 nisi.
1038 690 1121 766 quod

209 778 229 806 “¹
241 766 326 824 armis
340 764 550 825 vindicarimus.
590 766 650 825 lllis
663 766 768 824 timidis
782 778 813 824 et
836 766 948 844 ignavis
960 765 1027 826 licet
1041 784 1130 840 esse„

209 857 226 914 ‘f
241 846 289 922 qui
302 857 466 923 respectum
475 843 605 911 habent;
635 863 710 921 quos
720 862 789 902 suus
802 861 879 922 ager,
895 864 948 904 sua
959 858 1045 914 terra,
1064 863 1122 922 per

208 932 226 962 “
241 935 305 982 tuta
318 941 352 981 ac
366 935 470 1000 pacata
482 921 584 981 itinera
596 922 748 998 fugientes,
769 923 934 1000 accipient:
962 923 1044 982 robis
1066 943 1120 982 ne-

208 1009 226 1040 “
240 1021 322 1061 cesse
336 1015 379 1060 est
392 1001 515 1063 fortibus
528 1000 593 1058 viris
606 1019 679 1068 esse,
701 1010 740 1069 et,
761 1001 899 1059 omnibus
910 1001 985 1060 iuter
1003 1002 1118 1060 victori-

207 1089 226 1119 “
240 1099 287 1141 am
310 1089 467 1142 mortemve
481 1080 561 1136 certa
574 1078 773 1155 desperatione
796 1077 934 1156 abruptis,
955 1090 1007 1136 aut
1020 1077 1118 1137 vince-

208 1169 226 1197 “
240 1179 279 1232 re,
294 1171 353 1227 aut,
369 1159 392 1214 si
405 1157 520 1216 fortuna
544 1155 698 1228 dubitabit,
721 1157 750 1214 in
774 1156 883 1234 proelio
903 1155 1008 1234 potius,
1027 1175 1119 1234 quam

208 1248 226 1274 ‘⁸
239 1239 268 1293 in
281 1237 358 1311 fuga,
384 1245 506 1293 mortem
529 1245 678 1311 oppetere.
719 1235 750 1293 Si
773 1236 831 1293 hoc
851 1237 928 1293 Mne
949 1234 1040 1292 fixum
1054 1253 1116 1293 umh

207 1323 226 1354 ⁴³
239 1314 327 1371 nibus
338 1313 569 1390 destinatumque
582 1312 612 1370 in
626 1313 722 1370 animo
746 1323 799 1382 est,
821 1314 926 1371 iterum
939 1312 1042 1383 dicam,
1066 1313 1120 1369 Vi-

207 1401 226 1427 ⁶‘
239 1391 338 1448 cistis:
368 1391 478 1448 nullum
500 1403 678 1450 momentum
697 1390 735 1448 ad
756 1391 929 1448 vincendum
949 1391 1058 1450 homini
1080 1393 1120 1450 ab

208 1479 225 1505 ‘⁶
239 1468 293 1526 diis
307 1469 515 1528 immortalibus
528 1470 623 1528 acrius
636 1469 738 1528 datum
752 1467 824 1526 est.”

246 1545 337 1604 XLV.
369 1548 432 1606 His
454 1543 702 1607 adhortationibus
725 1567 814 1626 quum
828 1545 959 1626 utrinque
973 1544 1120 1604 ademta·

205 1645 273 1682 men
286 1628 401 1686 accensi
414 1626 539 1685 rnilitum
552 1627 639 1687 enimi
661 1641 768 1696 essent,
793 1627 918 1685 Romani
938 1634 1027 1702 ponte
1040 1623 1118 1682 Tici·
1219 1618 1220 1640 ¹

205 1721 275 1760 num
286 1708 422 1784 jungunt,
435 1705 607 1779 tutandique
618 1705 715 1780 pontis
727 1705 813 1760 causd
827 1703 978 1758 castellum
1001 1702 1123 1778 insuper

204 1783 366 1860 imponunt.
407 1785 532 1844 Poenus,
551 1797 638 1851 opere
662 1779 810 1852 occupatis
832 1777 974 1845 hostibus,
996 1779 1117 1836 Muhar-

205 1861 299 1918 balem
323 1879 389 1916 cum
413 1857 459 1912 ala
483 1853 683 1921 Numidarum,
714 1853 864 1929 equitibus
884 1853 1058 1932 quingentis,
1078 1857 1120 1913 ad

205 1933 422 2009 depopulandos
449 1928 593 1986 sociorum
623 1930 723 2008 populi
753 1931 875 1990 Roma-ni
901 1950 986 2010 agros
1018 1933 1118 1992 mittit.

205 2009 300 2068 Gallis
311 2009 389 2086 parci
403 2023 489 2085 quarn
503 2007 630 2067 maxime
645 2011 740 2086 jubet,
764 2010 982 2090 principumque
1005 2011 1120 2070 animos

204 2085 349 2144 sollicitari
362 2086 400 2145 ud
422 2085 624 2147 desectionem.
677 2089 771 2150 Ponte
792 2089 931 2168 perfecto,
956 2091 1118 2158 traductus,

206 2166 355 2224 nonanus
368 2165 520 2235 exercitus,
535 2165 564 2222 in
577 2171 690 2242 Agrum
704 2169 877 2233 Insubrium,
889 2168 1015 2244 quinque
1028 2168 1117 2224 millia

224 2255 343 2304 ossuum
362 2263 381 2302 a
404 2243 576 2301 Victumulis
594 2244 735 2302 consedit.
785 2245 832 2302 lbi
849 2244 998 2302 Hannibal
1022 2256 1118 2302 metra

204 2263 350 2389 Habebam
377 2332 569 2398 revocatoque
589 2337 710 2397 propere
733 2321 905 2378 Maharbale
928 2331 1016 2398 atque
1037 2322 1120 2400 equi·

204 2398 290 2470 tibus,
316 2417 406 2477 quum
428 2399 534 2456 instare
557 2409 704 2458 certamen
727 2401 866 2466 cerneret,
891 2398 961 2456 nihil
988 2419 1118 2478 unquam

204 2478 273 2538 setis
296 2477 407 2538 dictum
433 2477 702 2555 praemonitumque
723 2477 761 2535 sd
787 2476 983 2534 cohortandos
1010 2479 1116 2536 milites

203 2568 292 2627 retiis,
307 2557 416 2621 voeatis
439 2556 477 2614 ad
500 2555 671 2614 concionem
691 2567 770 2615 certa
792 2554 919 2632 praemia
932 2555 1114 2633 pronunciat,

203 2653 233 2766 r
247 2655 465 2783 inritam
478 2633 1119 2792 nrmtr·„rtsmmrtnnm

203 2787 267 2862 ipsi,
290 2791 339 2864 qui
359 2793 530 2867 accepisset,
552 2791 728 2867 liberisque:
762 2791 810 2866 qui
833 2792 998 2866 pecuniam,
1029 2809 1117 2866 quarn

204 2881 314 2940 agrrmr,
330 2867 485 2936 maluisset,
500 2868 530 2925 ei
551 2887 583 2924 se
603 2879 722 2942 argento
746 2865 974 2926 satisfacturum:
1008 2867 1056 2943 qui
1069 2886 1117 2925 so-

204 2944 314 3000 ciorum
337 2943 414 3001 eires
436 2943 692 3020 Karthaginienses
713 2942 775 3000 fieri
801 2944 917 3016 vellent,
937 2955 1115 3022 potestatem

204 3022 367 3079 facturum:
394 3021 443 3098 qui
466 3022 568 3082 domos
590 3021 685 3080 redire
698 3020 825 3092 mellent,
846 3022 979 3082 daturum
993 3041 1026 3080 se
1045 3041 1115 3100 ope·

204 3107 274 3170 ram,
288 3101 422 3177 secujus
436 3119 554 3158 suorum
576 3099 757 3178 popularium
780 3112 920 3159 mutatam
944 3118 1045 3158 secum
1056 3101 1115 3160 for·

205 3185 305 3252 tusam
318 3195 382 3239 esse
394 3177 511 3238 vellent.
552 3179 646 3239 Servis
670 3197 783 3257 quoque
806 3179 936 3237 dominos
956 3181 1118 3255 prosecutis

204 3259 368 3318 libertatem
383 3257 526 3335 proponit,
541 3258 666 3335 binaque
690 3277 742 3337 pro
767 3257 812 3316 his
831 3255 974 3335 mancipia
995 3257 1119 3317 dominis

205 3357 239 3397 se
263 3337 450 3398 redditurum.
504 3336 606 3416 anue
632 3349 665 3395 ut
690 3349 754 3396 rata
779 3335 885 3394 scirent
907 3333 980 3406 fore,
1007 3353 1115 3413 sgnmn

205 3415 287 3476 leena
300 3433 396 3488 manu,
410 3415 512 3476 dentre
535 3415 644 3475 silicem
667 3415 801 3486 maneus,
823 3413 848 3473 si
869 3413 990 3484 falleret,
1010 3413 1116 3471 Jorens

208 3507 375 3575 ceterosque
400 3505 534 3576 precatus
548 3494 639 3566 deos,
662 3494 705 3576 ita
728 3513 760 3554 se
782 3505 954 3564 mactarent,
978 3489 1118 3567 quad-
