2406 3932
439 185 605 248 LIBER
634 185 745 247 xx1v.
990 189 1044 256 las

134 361 219 406 orum
242 352 354 420 tempus
367 353 438 400 erat.
477 339 575 410 Quum
599 359 740 414 censores,
755 344 792 402 ob
814 343 939 424 inopiam
963 363 1040 408 aera*

134 423 180 491 rii,
195 441 226 481 se
236 417 300 499 jam'
314 419 504 480 locationibus
523 423 698 481 abstinerent
712 419 826 480 aedium
841 439 984 481 sacrarum
998 435 1043 482 tu·

133 499 281 568 undamn,
304 498 500 575 curuliumque
522 516 663 576 equorum
685 499 923 576 praebendorum,
947 521 982 560 ac
1006 503 1042 559 si·

135 577 244 636 milium
264 577 309 634 ms
322 594 437 644 rerum;
471 593 629 635 convenere
659 577 697 634 ad
724 595 774 634 eos
796 577 966 656 frequentes,
994 582 1041 657 qui

133 655 235 714 hastae
261 655 347 732 hujus
367 654 479 730 generis
503 665 694 732 assueverant,
716 653 877 748 hortatique
893 665 1042 725 censores,

132 746 168 792 ot
188 731 285 790 omnia
307 731 424 808 perinde
448 742 576 807 agerent,
598 730 734 801 moerent,
756 749 790 789 ac
816 751 839 790 sr
866 735 987 810 pecunia
1014 735 1043 791 ln

131 809 244 870 sarano
259 820 357 866 esset:
386 809 540 878 neminem,
560 808 613 866 nisl
633 809 710 866 bello
733 809 873 879 confecto,
893 812 1044 888 pecuniam

134 888 173 946 ab
197 885 306 944 aerario
324 886 480 964 petiturum
502 902 575 944 esse.
615 885 783 944 Convenere
804 887 909 947 deinde
935 889 1042 948 domini

133 981 245 1030 eornm,
259 981 331 1041 quos
354 963 400 1020 Ti.
426 963 609 1042 Sempronius
630 963 667 1022 ad
682 964 889 1024 ·Beneventum
912 984 999 1024 manu
1013 987 1043 1026 e·

133 1041 273 1105 miseratx
300 1041 508 1119 arcessitosque
528 1061 559 1100 se
580 1043 617 1101 ab
642 1041 793 1100 triumviris
814 1043 960 1100 mensariis
980 1063 1043 1103 esse

132 1119 276 1188 dixerunt,
287 1129 320 1178 ut
333 1119 425 1196 pretia
435 1137 577 1178 servorum
586 1119 765 1198 acciperent;
779 1129 907 1179 ceterum
921 1139 978 1178 non
993 1139 1043 1180 an-

131 1209 173 1265 te,
186 1215 273 1273 quam
286 1196 363 1256 bello
378 1196 519 1265 confecto,
530 1208 699 1277 accepturos
713 1213 786 1257 esse.
806 1200 904 1264 Quum
919 1198 991 1258 llaec
1001 1201 1043 1256 in-

132 1274 250 1334 clinatio
263 1275 422 1333 animumn
435 1275 527 1354 plebia
540 1276 578 1334 ad
596 1276 791 1335 sustinendam
805 1276 930 1354 inopiam
944 1278 1043 1336 aerarii

132 1352 224 1422 lieret,
242 1352 383 1429 pecuniae
405 1371 520 1432 quoque
540 1354 693 1433 pupillares
716 1355 816 1432 primo,
837 1353 942 1413 deinde
962 1356 1043 1414 vidu-

132 1445 223 1497 arum,
237 1439 359 1506 coeptae
381 1431 520 1500 conferri3
539 1451 680 1508 nusquam
706 1449 755 1490 eas
782 1433 872 1490 tutius
901 1435 1041 1492 sanetius·
1118 1467 1121 1478 .

131 1525 189 1583 que
215 1507 360 1584 deponere
392 1507 586 1575 credentibus,
610 1510 659 1584 qui
692 1508 869 1578 deferebant,
904 1527 988 1586 quam
1013 1513 1041 1568 ln

132 1585 250 1660 publica
271 1585 339 1640 lide.
352 1583 429 1650 inde,
442 1585 467 1640 si
488 1583 557 1659 quid
574 1595 706 1659 emptum
727 1593 914 1661 paratumque
928 1587 1041 1664 pupillis

36 1689 40 1698 «
132 1679 168 1718 ac
194 1659 286 1718 viduis
304 1659 399 1728 foret,
415 1677 433 1716 a
452 1670 604 1737 quaestore
623 1661 862 1737 perscribebatur.
911 1662 1042 1722 Manavia

132 1755 169 1796 ea
188 1737 361 1814 privatorum
388 1737 550 1813 benignitas
576 1756 612 1796 ex
635 1738 707 1796 urbc
730 1737 817 1796 etiam
836 1738 866 1794 in
887 1750 988 1808 castra,
1011 1755 1043 1798 ut

133 1834 191 1873 rm
211 1833 308 1894 eques,
329 1831 388 1873 nun
413 1815 553 1886 centurio,
575 1814 748 1894 stipendium
775 1815 947 1893 acciperent,
969 1833 1041 1874 mer-

132 1893 336 1970 ommiumque
343 1894 528 1971 increpantes
541 1905 686 1962 vocarant,
700 1893 748 1971 qui
762 1894 930 1972 accepisset.
950 1923 952 1929 v

161 1969 255 2026 xlx.
295 1973 332 2034 Q.
352 1969 474 2028 Fusius
488 1972 587 2028 consul
608 1971 645 2028 ad
663 1972 819 2031 Casilinum
840 1983 935 2030 costra
955 1972 1043 2032 habe·

133 2048 195 2114 bat,
211 2047 290 2124 quod
301 2045 401 2104 'dnum
422 2047 539 2104 millium
554 2047 776 2125 Campanorum,
797 2059 827 2109 et
846 2050 1041 2128 septingento-

133 2141 196 2182 rum
228 2123 348 2182 militum
377 2124 556 2195 Hannibalis,
577 2125 730 2184 tenebatur
755 2128 904 2204 praesidio.
958 2129 1044 2186 Prae-

133 2213 195 2261 erat
223 2201 332 2261 Statius
360 2201 479 2271 Metius,
500 2202 601 2261 missus
622 2204 736 2262 aan.
756 2203 858 2280 Magio
885 2206 1044 2274 Atellano;

133 2280 182 2356 qui
205 2299 240 2338 eo
260 2299 335 2338 anno
357 2280 567 2340 Medixtuticus
593 2290 663 2352 erat,
684 2281 854 2359 servitiaque
873 2294 903 2341 et
928 2284 1043 2360 plebem

134 2357 293 2434 promiscue
319 2361 459 2426 armabat,
480 2370 512 2416 ut
539 2370 632 2418 castra
661 2356 795 2418 Romana
822 2359 978 2430 invaderet,
1000 2365 1044 2418 in·

134 2447 215 2498 tento
242 2437 360 2493 consule
380 2437 416 2493 ad
443 2436 605 2496 Casilinum
619 2438 853 2516 oppugnandum.
873 2453 876 2458 ·
895 2437 973 2495 Nihil
995 2457 1043 2495 eo·

133 2531 197 2570 rum
217 2511 338 2570 Fabium
351 2513 460 2572 fefellit.
476 2551 478 2558 ·
499 2513 602 2591 ltaque
623 2515 728 2572 Nolam
737 2516 779 2572 'ad
791 2515 932 2591 collegam
942 2515 1043 2584 mittit,

134 2589 224 2647 altero
243 2590 380 2659 exercitu,
399 2591 471 2648 dum
489 2591 645 2650 Casilinum
665 2604 857 2670 oppugnatur,
877 2609 950 2668 opus
971 2609 1042 2663 esse,

133 2666 185 2744 qui
197 2666 353 2746 Campanis
365 2679 534 2748 opponatur.
576 2669 631 2726 Vel
650 2670 721 2747 ipse,
735 2669 835 2729 relicto
849 2667 942 2727 Nolae
961 2687 1043 2747 prae·

134 2743 206 2803 sidio
226 2745 349 2815 modico,
377 2746 508 2805 renuet:
541 2744 596 2814 vel,
617 2745 640 2802 si
670 2763 736 2804 eum
764 2745 840 2804 Nola
867 2757 985 2818 teneret,
1013 2764 1044 2808 et

133 2821 258 2882 necdum
277 2841 396 2883 securae
414 2843 461 2884 res
480 2825 517 2882 ab
533 2822 698 2884 Hannibale
716 2835 820 2894 essent,
835 2841 866 2885 se
886 2825 931 2884 Ti.
952 2827 1043 2888 Grac-

133 2899 220 2958 chum
239 2903 440 2979 proconsulem
449 2921 473 2960 a
487 2903 654 2962 Benevento
674 2901 841 2961 acciturum.
881 2904 950 2963 Hoc
970 2921 1042 2965 nun*

135 2977 179 3036 oio
193 2978 493 3052 Marcellusducbus
513 2979 635 3039 militum
654 2980 779 3040 millibus
801 2981 893 3041 Nolae
912 2985 941 3041 in
962 3003 1043 3061 prae·

135 3053 206 3114 sidio
225 3057 341 3126 relictis,
363 3077 428 3116 cum
443 3071 539 3118 cetero
557 3058 686 3117 exercitu
701 3059 858 3118 Casilinum
877 3063 973 3129 venit3
993 3063 1046 3120 ads
1077 3115 1080 3119 .

134 3141 222 3190 ventu

243 3137 353 3212 ossius
368 3135 517 3226 Campani,
532 3139 592 3213 jam
605 3149 760 3226 ‘moventes
780 3134 852 3209 sese,
867 3139 1042 3228 quieverunt.

134 3149 338 3270 ltaaduobus
361 3213 526 3272 consulibus
546 3213 703 3272 Caulrnum
727 3229 884 3294 oppugnari
898 3229 1042 3293 coeptum.

135 3286 186 3350 ubi
206 3292 407 3363 quammulta,
420 3290 609 3350 succedentes
621 3305 731 3352 temere
743 3295 902 3364 moenibus,
918 3293 1042 3353 Romani

134 3364 240 3424 milites
254 3367 416 3445 acciperent
430 3368 555 3440 vulnera,
571 3388 663 3448 nsque
679 3372 747 3430 satis
760 3371 882 3446 inceptis
906 3371 1042 3430 suecede-

134 3455 188 3516 ret,
213 3443 319 3505 Fabius
347 3447 533 3506 omittendam
553 3465 613 3510 rem
634 3465 805 3528 parvam-ac
829 3450 912 3524 juxta
932 3452 1050 3527 magnis·
