2386 3930
417 237 582 298 LIBER
611 235 722 298 XXIV.
968 241 1026 302 ‘M

14 381 38 470 Γ
118 399 178 451 tem
205 403 360 471 superaret.
401 393 539 454 Romanis
565 411 678 474 quoque
701 395 730 452 iu
755 392 895 471 Hispania
918 393 1028 470 legato·

117 487 182 528 rum
212 471 284 549 regis
311 471 452 531 adventus
474 491 579 563 magno
603 474 796 531 emolumento
817 472 882 562 fuis
904 489 1029 562 namque

119 548 158 606 ad
171 547 275 608 lamam
289 567 387 608 eorum
409 551 591 609 transitmnes
603 551 721 609 crebrae
734 551 773 608 ab
795 549 928 607 Numrdrs
941 567 1029 628 coep-

119 635 168 684 tae
188 627 256 685 lieri.
271 623 287 657 ‘
297 627 343 684 lta
366 646 432 719 pum
458 629 479 687 S
499 627 592 718 pheca
615 627 753 686 Romanis
776 631 878 704 juncta
903 627 1030 686 amicitia

71 747 75 770 .
120 714 174 761 est.
214 703 302 770 Quod
324 704 375 763 ubr
398 705 427 764 K
494 721 654 782 agrnrenees
677 716 858 781 accepemnt,
882 705 1029 783 extemplo

118 779 157 838 arl
181 779 296 850 Galam,
318 781 348 839 in
368 793 451 860 parte
471 782 562 842 altera
584 779 738 840 Numidiae
756 781 888 860 (Massyli
902 802 937 842 ea
956 801 1028 861 gons

118 861 250 932 uocatur)
262 869 439 936 regnantem,
453 860 563 937 legatos
578 860 705 952 mittunt.

47 1039 54 1046 -
119 934 1030 1092 nihil·nihiluitultltttllttttst

115 1093 178 1169 jam
200 1103 263 1184 tpm
286 1103 447 1227 appareret,
459 1093 544 1152 latius
564 1107 686 1184 regnum
699 1091 929 1186 opulentiusque,
943 1109 1030 1168 quam

119 1181 286 1260 accepisset,
331 1179 472 1230 acturum.
530 1169 644 1248 Legatr,
678 1187 812 1247 quomam
847 1168 966 1246 Syphax
996 1185 1031 1232 aa

119 1245 260 1305 Romame
270 1247 422 1326 junxisset,
436 1259 469 1308 ut
490 1249 636 1340 potentior
654 1248 793 1308 societate
811 1248 1032 1340 eorumadrer·¹

119 1325 481 1463 attitulati}
496 1325 1031 1481 hitttttlt‘lnmiltht

120 1423 275 1558 anteanllm
295 1423 416 1559 iypnax
437 1483 468 1538 in
522 1425 880 1568 upantam,³eut⁸¹nlmsnt
903 1481 932 1537 in
954 1481 1031 1539 Alli-

121 1573 186 1614 cam
212 1569 367 1626 transeant,
394 1555 516 1634 opprimi
546 1555 719 1634 Syphacem,
746 1555 886 1614 nihildum
918 1569 1032 1649 praeter

120 1651 228 1692 nomen
251 1651 289 1692 ex
310 1632 428 1692 foedere
451 1632 584 1690 Romano
607 1632 774 1702 habentem,
848 1650 888 1692 se.
936 1633 1033 1696 Faorle

121 1727 290 1788 persuasum
310 1709 413 1782 Galae,
432 1710 492 1770 filio
515 1709 690 1788 deposcente
710 1710 740 1768 id
760 1710 880 1778 belum,
900 1723 933 1768 ut
952 1729 1033 1770 exer·
1152 1733 1160 1750 ·

109 1788 212 1847 'citum
233 1789 378 1848 mitteretr
406 1789 464 1867 qui,
483 1787 768 1866 Karthaginiensium
790 1787 951 1866 legionibus
964 1807 1033 1847 oon·

119 1865 244 1944 junctim·
271 1885 376 1943 magno
398 1867 507 1944 proelio
535 1865 699 1946 Syphacem
724 1866 840 1926 devicit.
901 1864 1032 1944 Triginta

5 1963 7 2020 ῃ
122 1943 212 2002 millia
238 1961 273 2002 eo
299 1943 407 2022 proelio
433 1944 581 2002 hominum
606 1961 691 2004 caesa
715 1944 859 2005 (licuntur.
913 1945 1033 2023 Syphax

6 2021 7 2068 l
123 2037 190 2080 curn
214 2021 313 2098 paucis
332 2021 480 2099 equitibus
502 2022 533 2079 in
555 2020 721 2082 Maurusios
744 2023 867 2083 etacio
891 2023 1033 2082 Numidas

121 2099 257 2234 pertremi
281 2113 372 2176 prope
394 2098 544 2159 Oceanum
570 2098 707 2159 adversus
728 2099 829 2158 Gades
855 2099 966 2171 colunt)
988 2115 1033 2160 re·

6 2229 7 2248 ,
135 2174 216 2252 ugit:
236 2175 475 2254 affluentibusque
496 2176 534 2235 ad
556 2175 662 2234 famam
683 2179 747 2256 ejus
765 2177 891 2255 undique
904 2179 1033 2238 barbaris

84 2381 88 2391 .
123 2257 1037 2412 attitulataattitulat'lhttunmtt

124 2409 203 2468 aissa
224 2426 291 2467 cum
303 2411 412 2470 victore
429 2411 558 2472 exercitu
577 2409 711 2472 advehite
740 2412 821 2488 isque
839 2411 881 2469 ibi
900 2429 967 2470 oum
982 2411 1035 2487 Sy·

123 2487 218 2566 phace
230 2487 340 2564 ingenti
353 2487 450 2564 gloria
468 2489 649 2568 perseniae
663 2489 729 2548 ullis
751 2487 1034 2564 Karthaginiensium

125 2564 238 2646 opibus,
261 2565 350 2642 gessit
372 2565 490 2624 bellum.
532 2566 569 2624 In
590 2567 733 2644 Hispania
753 2565 824 2622 nihil
848 2564 1034 2623 memorabile

104 2675 105 2682 κ
125 2651 248 2720 gestum,
268 2652 471 2721 praeterquam
491 2643 567 2722 quod
588 2643 766 2703 Celtiberum
784 2646 966 2720 juventutem
983 2643 1034 2709 eh-

124 2719 194 2814 piem
214 2719 357 2790 mercede,
377 2721 544 2811 qutpaota
563 2737 631 2779 cum
655 2717 942 2812 Karthaginiensibus
963 2731 1033 2812 erat,

71 2849 77 2854 ·
124 2797 1034 2970 ratumenna:

185 2955 285 3026 alares,
300 2975 348 3034 qur
370 2955 446 3014 inter
468 2954 574 3014 auxilia
594 2953 768 3014 Hannibalis
781 2966 872 3024 erant,
887 2955 1034 3014 miserunt.

144 3031 164 3088 d
185 3033 272 3090 modo
292 3035 354 3108 ejus
377 3033 443 3090 anni
464 3033 496 3090 in
519 3033 661 3126 Hispania
681 3031 717 3090 ad
738 3033 904 3092 memoriam
923 3033 1034 3109 insigne

128 3117 183 3178 est,
197 3107 275 3186 quod
297 3109 502 3168 mercenarium
524 3111 643 3186 milrtem
666 3109 695 3167 in
709 3111 808 3170 castris
826 3109 971 3170 neminem
984 3127 1034 3169 aa·

128 3197 168 3258 te,
182 3204 268 3264 quam
282 3196 343 3246 tum
357 3185 527 3258 Celtiberos,
542 3187 667 3250 Romani
679 3187 851 3249 habueruut.
