2386 3930
473 168 632 228 LIBER
661 169 755 230 XXV.
924 120 930 132 ¹
991 177 1059 235 ¹235

152 325 260 404 tanrplo
281 324 309 384 in
331 325 430 401 lugam
453 335 624 386 averterunt.
665 325 799 392 Rormani,
820 342 981 404 quanquam
1005 329 1059 388 cir·

153 415 318 464 cumventos
345 403 412 462 binc
433 403 521 480 pedes
543 403 612 464 hiuc
631 423 720 481 ,eques
742 405 873 480 urgebat,
888 415 985 462 tumen
1009 405 1059 464 ali·

152 483 276 560 quandiu
296 500 430 558 ,pugnam
453 495 573 548 traxere.
594 493 738 557 postremo
762 494 792 540 et
816 483 869 559 ipsi
894 497 973 558 terga
996 501 1060 542 ver·

152 571 225 628 tunt,
239 571 326 636 atque
349 559 385 616 ad
409 560 509 619 urbem
530 557 651 633 fugiunt.
691 559 735 616 lbi
759 561 918 636 proditores
941 562 1058 636 conglo-

150 638 222 706 bati,
243 657 330 714 quum
353 636 532 713 popularium
555 649 657 710 agmen
680 641 844 714 patentibus
867 637 957 716 portis
977 657 1061 698 acca·

151 716 270 793 pinsant,
295 714 344 772 ubi
369 714 516 771 Romanos
536 713 616 772 fusos
637 713 674 770 ad
702 715 801 772 urbem
827 717 891 774 ferri
915 715 1057 785 viderunt,

82 847 89 854 .
149 793 344 859 conclamant,
371 791 476 850 instare
502 792 642 860 Poenum,
669 792 881 870 permixtosque
906 805 936 852 et
962 793 1061 854 hostes
1122 867 1128 874 ·

152 871 255 928 urbem
279 870 433 939 invasuros,
454 869 483 926 ni
504 889 624 946 propere
644 881 740 948 portas
761 869 904 928 claudant.
942 873 989 930 Ita
1009 891 1059 932 ex-

151 947 247 1006 clusos
268 945 414 1004 Romanos
434 947 592 1023 praebuere
613 946 689 1005 hosti
712 947 749 1004 ad
770 947 897 1006 caedem.
943 951 1060 1010 Atinius

152 1035 249 1083 tamen
264 1043 329 1082 curn
350 1025 449 1102 paucis
469 1039 610 1101 receptus.
652 1024 759 1084 Seditio
780 1023 847 1083 inde
862 1025 1003 1102 paulisper
1017 1041 1059 1088 te·

152 1103 236 1170 uuit;
267 1121 354 1179 quum
377 1103 424 1160 alii
447 1103 546 1160 urbem
568 1103 713 1172 tuendam,
738 1102 805 1160 inde
828 1103 875 1162 alii
899 1103 1061 1164 cedendum

150 1180 293 1249 fortunae,
320 1191 351 1238 et
384 1179 551 1238 tradendam
583 1184 684 1240 urbem
710 1180 874 1251 victoribus,
902 1195 1062 1244 censerent.

153 1268 290 1324 ceterum,
312 1267 344 1314 ut
365 1257 542 1335 plerumque,
561 1257 675 1318 fortuna
698 1270 727 1318 et
751 1259 868 1318 consilia
892 1261 967 1319 mala
987 1261 1063 1324 vice-

152 1347 228 1396 runt.
270 1334 368 1393 Atinio
390 1355 455 1393 cum
469 1339 527 1394 suis
540 1335 578 1394 ad
601 1356 678 1396 mare
692 1357 727 1395 ac
751 1356 838 1396 naves
851 1337 986 1408 deducto,
1001 1361 1061 1401 ma·

151 1413 196 1489 gis
210 1412 275 1490 quia
292 1413 354 1490 ipsi,
368 1407 408 1492 ub'
425 1413 575 1490 imperium
589 1414 618 1470 in
632 1435 663 1472 se
677 1417 746 1472 mite
759 1431 794 1472 ac
815 1417 933 1490 justum,
948 1422 1062 1482 consul·

152 1504 214 1549 lum
239 1491 382 1556 volebant,
403 1507 489 1564 quam
510 1500 643 1562 respectu
669 1490 881 1558 Romanorum
908 1493 1062 1574 Karthagi-

151 1568 266 1624 ruienses
279 1567 308 1622 in
330 1567 430 1622 urbem
454 1564 609 1639 accipiunu
648 1565 788 1624 Consules
807 1584 826 1624 a
847 1568 1013 1631 Benevento
1032 1577 1063 1636 irr

154 1643 334 1720 Campanum
358 1659 457 1717 agrurn
485 1641 611 1716 legiones
631 1642 749 1711 ducunt,
773 1661 832 1700 non
858 1644 895 1703 ad
921 1646 1064 1717 frumenta

153 1721 249 1789 modo,
264 1737 337 1798 quae
354 1719 456 1796 jamin
478 1719 604 1776 hibernis
618 1733 708 1788 erant,
723 1723 939 1798 corrumpenda,
961 1729 1012 1786 sed
1024 1733 1062 1790 ad

154 1801 284 1874 Capuam
298 1797 520 1874 oppugnandam
534 1818 546 1864 ;Ἰ
572 1798 697 1856 nobilem
718 1817 749 1856 se
762 1799 942 1858 consulatum
958 1815 1016 1862 tam
1030 1827 1061 1865 n-

154 1877 289 1954 pulentae
303 1876 380 1933 urbis
394 1875 505 1932 excidio
524 1874 576 1934 rati
593 1874 729 1944 facturus,
744 1876 828 1934 simul
848 1887 878 1936 et
897 1879 997 1956 ingens
1011 1885 1062 1944 fla·

153 1953 255 2029 gitium
276 1951 394 2028 imperio
418 1952 592 2026 dempturos,
618 1955 695 2028 quod
718 1955 782 2013 urbi
805 1965 863 2012 tarn
886 1961 1063 2038 propinquae

154 2031 269 2088 tertium
293 2048 399 2088 annum
420 2029 560 2104 impunita
580 2028 703 2088 delectio
727 2045 812 2092 esset.
859 2034 1005 2105 Ceterum,
1026 2060 1063 2100 ne

154 2109 353 2166 Beneventum
367 2107 427 2165 sine
441 2106 581 2184 praesidio
596 2123 680 2175 esset,
700 2119 729 2166 et
751 2122 782 2167 ut
805 2110 843 2167 ad
866 2115 961 2172 subita
984 2117 1062 2191 belli,

154 2187 177 2244 si
191 2185 339 2245 Hannibal
354 2185 442 2262 (quod
454 2184 596 2242 facturum
618 2183 696 2244 haud
709 2185 892 2265 dubitabant)
915 2193 952 2248 ad
976 2214 1062 2272 opem

152 2262 298 2328 ferendam
322 2263 405 2321 sociis
425 2262 556 2338 Capuam
576 2262 708 2330 venisset,
723 2265 834 2341 equites
847 2267 903 2322 aim
923 2272 1063 2333 sustinere

153 2354 279 2419 possent,
301 2341 347 2400 Ti.
360 2339 525 2398 Gracchum
540 2359 575 2398 ex
586 2339 721 2410 Lucanis,
736 2362 803 2401 cum
816 2344 944 2420 equitatu
965 2367 1000 2406 ac
1020 2350 1061 2408 le-

83 2479 89 2490 ,
153 2419 181 2475 vi
207 2428 358 2488 armatura,
386 2418 583 2476 Beneventum
610 2418 705 2478 venire
731 2423 857 2496 jubent:
899 2423 1063 2498 legionibus

151 2496 318 2574 stativisque
331 2497 369 2556 ad
387 2495 557 2554 obtinendas
574 2513 620 2554 res
643 2497 674 2554 iu
697 2498 824 2556 Lucanis
836 2498 960 2574 aliquem
980 2520 1061 2577 prae.

153 2575 261 2632 ficeret„
398 2581 402 2587 '

194 2650 275 2711 XVl.
328 2649 497 2716 Gnacorro,
518 2649 682 2726 priusquam
708 2669 745 2708 cx
771 2649 897 2708 Lucanis
924 2670 1059 2731 moveret,

154 2726 334 2795 sacrificanti,
347 2729 428 2785 triste
452 2726 612 2802 prodigium
634 2725 741 2786 facturn
762 2737 815 2786 est.
828 2728 866 2786 ad
886 2741 961 2802 exta,
975 2737 1061 2796 sacri.

153 2805 218 2864 licio
239 2818 411 2883 perpetrato,
433 2822 541 2880 angues
560 2804 628 2871 diro,
648 2823 686 2864 err
709 2806 823 2864 occultu
844 2807 951 2886 allapsi,
974 2814 1061 2876 edere

151 2885 241 2962 jecur,
256 2885 458 2961 conspectique
478 2895 595 2959 repente
608 2901 645 2940 err
665 2883 755 2941 oculis
775 2884 915 2946 abierunt.
929 2889 958 2946 id
971 2911 1061 2967 quum

118 3021 124 3034 N
154 2963 316 3039 aruspicum
344 2963 453 3020 monitu
477 2961 648 3018 sacrificium
674 2961 887 3035 instauraretur,
910 2978 997 3042 atque
1017 2969 1061 3026 im·

152 3041 261 3101 tentius
297 3051 409 3096 extores
442 3055 643 3105 servarentur:
672 3039 776 3098 iterum
809 3060 844 3100 ac
871 3042 986 3100 tertium
1012 3064 1060 3103 ve-

153 3115 230 3172 nisse
254 3114 378 3184 nedum,
401 3113 545 3190 libatoque
568 3117 697 3193 jocinore
723 3118 847 3178 intactos
869 3107 977 3194 arigues
999 3120 1060 3180 abi·

153 3193 219 3249 isse.
272 3194 368 3256 Quum
394 3193 548 3268 aruspices,
574 3193 611 3252 ad
638 3194 836 3270 imperatorem
861 3195 892 3252 id
918 3199 1060 3273 pertinere

175 3269 324 3344 redigimur,
351 3269 604 3347 praemonuissent,
631 3286 660 3331 et
687 3274 723 3330 ab
752 3271 874 3332 occultis
900 3275 1059 3336 cavendum

151 3289 318 3406 bominibus
337 3349 548 3424 consultisque3
568 3349 646 3408 nulla
668 3360 764 3409 tmen
779 3349 955 3426 providentia
967 3351 1059 3414 fatum
1121 3411 1125 3422 ,

153 3425 305 3487 mammem
326 3426 432 3486 moveri
454 3425 564 3504 pmmts
595 3427 708 3489 Flauius
730 3429 865 3492 Lucanus
887 3426 951 3504 suit,
972 3445 1058 3514 mpm
