2406 3932
176 211 213 270 a
487 225 489 230 ·
526 203 564 262 r.
591 181 748 276 n1v11'

175 360 237 420 sine
249 357 406 418 cenamine
418 357 573 419 drumm
591 359 749 418 minoribus
768 369 864 420 tannen
883 361 992 439 castris.
1006 379 1081 442 quae

174 437 267 515 posita
280 447 357 495 tram
372 436 510 494 Aufidum
524 437 614 506 erant,
635 437 753 496 liberius
773 455 789 495 a
829 438 952 498 abantur
969 435 1079 500 Roma·

173 515 212 583 ni‚
228 515 294 592 quia
307 515 369 592 ripa
387 514 504 574 ulterior
523 515 633 573 nullum
653 515 779 573 habebat
819 516 923 574 ostium
942 519 1079 594 praesidi·

171 605 231 652 um.
271 593 429 662 Hannibal,
449 611 530 670 spem
548 601 660 660 nactus,
680 591 751 650 locis
770 592 843 650 natis
862 593 901 652 ad
915 608 1080 672 equestrem

171 688 307 748 pugnarn,
328 672 386 748 quia
411 680 493 748 parte
514 670 614 728 virium
641 669 762 729 invictus
785 681 856 739 erat,
878 671 1003 731 facturos
1026 693 1077 734 co.-

170 748 247 825 piam
267 748 413 825 pugnandi
433 747 575 818 consules,
596 747 691 824 dirigit
710 747 811 817 aciem,
825 749 993 827 lacessitque
1014 749 1079 809 Nu·

169 825 311 883 midarum
331 824 547 902 procursatione
569 824 675 883 hostes.
716 825 789 883 lnde
808 844 906 885 rursus
933 827 1075 886 sollicitari
1149 835 1154 844 “

170 902 310 970 seditione
324 902 438 962 militari
451 921 486 962 ac
499 902 641 962 discordia
654 903 805 960 consulum
819 903 953 964 Romana
965 916 1076 971 matra:

167 1000 256 1058 quum
268 980 385 1039 Paullus
397 980 612 1069 Semproniique
622 989 651 1038 et
660 979 792 1038 Flaminii
800 971 1075 1042 temeritatemVar·
1121 1031 1127 1042 .
1193 993 1194 1006 ¹

166 1059 240 1128 roni,
255 1059 346 1117 Varro
366 1059 526 1136 speciosum
546 1057 652 1115 timidis
672 1075 708 1116 ac
727 1059 862 1135 segnibus
882 1059 1005 1118 ducibus
1024 1080 1076 1120 err·

167 1137 295 1214 emplum
310 1137 430 1194 Fabium
443 1134 599 1212 oincerct:
619 1142 828 1214 testareturque
837 1137 920 1196 Deos
930 1136 1075 1196 homines·

167 1233 224 1291 que
245 1215 302 1280 hic,
322 1213 429 1270 nullam
450 1231 538 1290 penes
558 1232 590 1271 se
610 1213 725 1292 culpam
739 1233 809 1284 esse,
831 1214 908 1291 quod
922 1213 1074 1274 Hannibal

162 1293 223 1367 jam
237 1291 316 1348 velut
329 1289 508 1368 usucepisset
521 1290 653 1358 Italiam
678 1311 710 1351 se
729 1292 916 1351 constrictum
929 1310 948 1350 a
960 1292 1074 1369 collega

164 1367 276 1434 teneri;
295 1367 402 1425 ferrum
425 1377 512 1445 atque
535 1387 614 1427 arma
636 1369 715 1427 iratis
734 1380 765 1428 et
784 1388 914 1446 pugnare
932 1369 1073 1448 cupienti·

165 1445 227 1502 hus
244 1443 330 1502 adimi
352 1444 509 1504 militibusr
530 1446 586 1516 ille,
611 1445 635 1504 si
655 1445 723 1524 quid
742 1447 878 1523 projectis
889 1455 933 1504 'ac
952 1447 1073 1523 proditis

164 1521 203 1580 ad
224 1521 415 1582 inconsultam
438 1535 526 1602 atque
546 1524 733 1602 improvidam
758 1541 883 1602 pugnam
910 1524 1073 1598 legionibus

163 1600 318 1670 accideret,
346 1620 387 1672 ae,
412 1603 504 1661 omnis
531 1603 634 1680 culpae
654 1615 807 1673 exsortem,
829 1601 921 1661 omnis
947 1603 1073 1665 eventus

163 1678 330 1757 participem
351 1679 412 1739 fore
431 1679 547 1739 diceret.
568 1681 686 1748 videret,
708 1692 749 1748 ut,
771 1679 874 1767 quibus
893 1679 990 1754 lingua
1009 1685 1074 1737 tam'

163 1771 297 1836 prompta
310 1776 345 1816 ac
358 1758 515 1822 temeraria,
530 1773 621 1829 aeque
635 1757 771 1830 inpugna
780 1766 909 1828 vigerent
921 1765 1033 1814 manus.
1054 1767 1057 1772 '

204 1835 296 1892 XLV.
336 1835 415 1890 Duru
441 1830 674 1887 altercationibus
700 1829 801 1904 magis,
828 1847 913 1905 quarn
934 1831 1072 1902 consiliis,

164 1924 279 1984 ternpus
292 1908 400 1976 teritur,
416 1892 567 1965 Hannibal
577 1923 614 1962 ex
632 1907 704 1976 acie,
725 1925 810 1983 quam
823 1907 861 1964 ad
874 1907 998 1966 multum
1011 1908 1069 1970 diei

163 1995 295 2045 tenuerat
318 1983 496 2051 instructam,
519 2002 608 2074 quum
627 1984 658 2042 in
679 1997 775 2044 castra
798 1996 909 2045 ceteras
930 1986 1072 2064 reciperet

163 2061 270 2138 copias,
292 2059 433 2119 Numidas
459 2060 497 2119 ad
523 2062 699 2122 invadendos
723 2083 760 2122 cx
787 2063 943 2124 minoribus
969 2065 1070 2124 cestria

162 2141 359 2200 Romanorum
373 2150 526 2218 aquatores
545 2141 743 2203 transflumen
757 2142 853 2200 mittit.
867 2139 954 2220 quam
965 2143 1070 2202 incon·

161 2217 251 2276 ditam
266 2219 381 2276 turbam
399 2238 496 2296 quum,
511 2218 628 2276 vixdum
647 2219 676 2276 in
696 2221 786 2296 ripam
806 2219 921 2293 egressi,
942 2219 1070 2280 clamore

161 2313 197 2354 ac
223 2295 349 2353 tumultu
375 2295 533 2372 fugassent,
554 2295 583 2353 in
603 2297 756 2353 stationem
776 2313 898 2382 quoque,
919 2314 971 2372 pro
991 2295 1088 2354 vallo.
1191 2353 1192 2370 ,

152 2369 296 2442 locatam,
309 2384 397 2449 atque
410 2373 486 2448 ipsas
499 2391 588 2450 prope
601 2382 707 2449 portas,
728 2381 820 2460 evecq
831 2384 910 2432 sunt.
948 2372 984 2432 Id
997 2391 1066 2438 vero

160 2450 310 2528 indignum
323 2450 423 2520 risum,
444 2451 481 2508 ab
503 2450 689 2509 tumultuario
706 2448 812 2508 auxilio
829 2452 890 2526 jam
903 2451 1067 2512 etiamcas·

161 2539 206 2590 tra
220 2529 352 2589 Romana
371 2529 487 2597 terreri;
508 2540 540 2587 ut
560 2547 596 2588 ea
609 2527 695 2587 modo
709 2547 768 2586 una
787 2545 884 2599 causa,
904 2547 941 2588 ne
954 2540 1066 2588 extem-

181 2609 210 2666 lo
237 2608 389 2668 transirent
421 2607 552 2678 flumen„
572 2607 782 2686 dirigerentque
813 2606 914 2677 aciem,
942 2607 1066 2668 tenuerit

189 2691 318 2762 ouranos,
341 2686 418 2764 quod
439 2687 551 2746 sumina
570 2685 680 2765 imperii
700 2706 735 2746 eo
755 2685 803 2744 die
822 2705 911 2763 penes
932 2684 1064 2744 Paullum

78 2806 81 2810 .
158 2759 253 2817 fucrit.
293 2763 396 2840 ltaque
411 2763 501 2823 Varro
521 2778 636 2842 postero
654 2763 710 2840 dic,
731 2763 778 2822 cui
792 2759 853 2820 sors
865 2767 928 2840 ejus
941 2763 997 2821 diei
1010 2763 1064 2818 inr-¹

158 2835 230 2915 perii
257 2849 327 2907 crat,
348 2841 417 2896 nihil
438 2843 570 2898 consulto
590 2842 710 2914 collega,
731 2839 842 2914 signum
863 2856 977 2914 pugnae
997 2857 1065 2914 pro·

198 2914 265 2984 suit,
291 2915 501 2992 instructasque
520 2916 617 2991 copias
636 2915 743 2971 flumen
764 2913 900 2985 traduxit,
923 2926 1065 2992 sequente

186 2991 272 3064 aullo,
299 2992 366 3070 quia
392 2993 481 3069 magis
501 3011 559 3050 non
579 2991 709 3070 probare,
733 3008 818 3067 quam
838 3009 897 3050 non
916 2991 1063 3070 adjurare,

159 3070 309 3131 consilum
335 3080 456 3149 poterat.
509 3069 689 3147 Transgressi
715 3067 832 3137 flumen,
861 3088 911 3129 eas
938 3089 1062 3150 quoque,
1130 3075 1140 3098 ¹

159 3166 230 3228 quas
249 3149 279 3207 in
293 3149 392 3208 castris
412 3145 569 3208 minoribus
588 3147 758 3218 habuerant,
780 3147 877 3226 copias
890 3147 949 3207 suis
962 3150 1063 3228 adjun-

179 3239 247 3286 unt:
267 3238 364 3306 atque,
383 3228 425 3287 ita
437 3229 578 3288 instructa
591 3226 662 3296 acie,
683 3227 712 3285 in
726 3226 828 3285 dextro
841 3246 931 3286 cornu
947 3227 987 3304 (id
1000 3241 1061 3288 erat

157 3247 268 3365 flumini
287 3306 423 3386 propius)'
436 3306 582 3366 Romanos
601 3304 712 3384 equites
731 3303 837 3375 locant,
857 3305 963 3365 deinde
982 3306 1061 3384 pedi·

157 3395 221 3444 test
241 3385 353 3446 laevum
367 3405 466 3456 cornu,
477 3385 607 3454 extremi,
618 3384 731 3463 equitas
739 3384 897 3453 sociorum;
917 3383 999 3452 intra,
1009 3387 1061 3460 p'e·

157 3457 241 3532 dites,
255 3465 292 3526 ad
306 3465 432 3526 medium
442 3463 541 3546 ¹juncti
554 3462 715 3544 legionibus
729 3461 877 3538 Romania,
897 3470 1061 3548 tenuerunt,
