2386 3930
137 218 207 300 '278
386 230 539 274 uocnnnn
560 231 596 272 ns
616 229 744 274 nrnnnu
764 231 829 272 xxi.

143 381 168 451 ζ’(
188 374 281 452 majus
304 371 355 430 hle
373 371 472 429 vitlem
493 372 582 430 latere
594 391 602 428 z
616 373 620 394 ²
632 370 740 428 etenim
764 371 841 430 idem
860 369 953 430 codex
972 371 1064 433 habes
1177 427 1178 446 2

148 461 297 532 “cumque
320 452 360 510 ad
381 448 557 508 euumuml'
604 449 765 510 Cnuvrnn.
807 449 872 507 tlon
896 449 1063 510 Gronovius
1177 451 1178 454 ’

146 533 222 608 conj.
236 539 374 609 sequente,
389 549 403 585 s
416 527 523 586 elisos
646 537 650 544 '
726 577 730 584 .
1058 569 1061 574 -

185 614 233 668 43.
271 607 340 666 LII.
353 607 382 664 in
395 606 462 672 fine.
498 606 604 685 Major
615 615 719 664 temen.
746 614 765 644 “
779 605 868 664 Hunc
881 605 975 664 Iocum
989 608 1062 666 varii

146 694 166 726 ⁴⁴
186 687 262 744 varie
272 695 394 744 tentant.
417 684 546 752 Clericus
560 704 618 742 non
631 683 773 743 immerito
782 684 904 742 fortasse
916 684 1063 761 integrum

146 774 166 803 ‘¹
186 775 277 840 putat,
292 775 322 822 et
343 763 463 840 exponit
483 763 539 821 hoc
559 762 665 820 modo:
685 766 776 849 major
796 774 893 822 tamen
913 763 989 820 fama
1001 763 1063 822 vio·

145 847 165 882 ‘⁸
185 842 275 900 toriae
297 841 353 900 fuit
378 840 526 908 Romanis,
547 859 633 920 quem
655 840 732 898 famu
752 840 887 900 victoriae
910 841 1063 900 bostium.''

146 921 300 978 Cnsvibn.
341 921 370 978 si
392 920 479 978 lectio
500 938 571 978 sana
593 919 638 988 sit,
653 919 700 976 vix
724 919 840 996 quidem
860 919 942 981 aliter
955 920 1063 996 exponi

143 1009 259 1076 potest;
286 1010 316 1058 et
325 998 416 1075 samd
430 998 565 1057 uictoriae
585 997 744 1075 supplenda
763 1007 912 1056 suntunte
929 998 1062 1068 bostium,

145 1077 251 1136 endum
273 1078 359 1135 modo
378 1088 414 1135 ut
437 1075 604 1146 venonium
626 1076 684 1134 hoc
708 1076 822 1134 Horatii
842 1075 917 1149 loco,
931 1090 1001 1138 ante
1013 1095 1064 1136 vn«

145 1174 210 1224 cem
223 1157 372 1216 Medeae:

308 1259 381 1322 Quid
390 1255 515 1312 accidit?
532 1277 579 1314 cur
591 1259 652 1312 dira
663 1258 792 1311 barbarae
803 1259 891 1312 minus

398 1331 500 1382 Venena
511 1331 624 1382 Medeae
636 1329 731 1390 nalem,

309 1400 410 1462 Quibus
422 1400 558 1470 superbam
568 1398 647 1469 sugit
659 1397 849 1466 attendissem,
864 1439 866 1446 .

395 1471 500 1540 Magni
512 1470 631 1524 Creontis
639 1463 757 1538 filiam?
922 1515 924 1520 ,
941 1517 944 1524 ,

822 1536 910 1607 Epod.
927 1535 962 1588 V.
981 1545 1026 1592 62.

146 1625 176 1684 id
203 1625 348 1684 est—Cur
373 1623 435 1681 dira
460 1640 571 1681 venena
594 1639 660 1680 meu
686 1621 781 1680 minus
803 1621 899 1680 valent
922 1622 1063 1683 virtutus

144 1705 286 1762 barbarae
301 1699 448 1760 Medeae?
791 1744 794 1749 .

184 1789 233 1842 44.
274 1779 353 1838 LIV.
373 1779 391 1832 l.
404 1783 433 1836 4.
455 1776 511 1833 Pro
533 1777 576 1833 ad
595 1775 701 1853 equites
724 1797 834 1855 quaque
854 1778 998 1858 tegendos,
1018 1779 1080 1838 Ie·-

144 1859 271 1938 gendum
286 1856 397 1913 videtur
411 1873 449 1912 ex
462 1851 578 1930 optimis
596 1852 709 1930 scriptis
728 1854 818 1935 equiti
835 1875 946 1936 quoque
967 1867 1063 1936 tegens

119 1927 191 2007 'dn
206 1935 283 2014 quod
296 1931 452 1990 venustius.
933 1989 936 1995 ,
976 1983 981 1992 ,

184 2020 233 2074 45.
272 2009 347 2068 ibid.
371 2009 391 2066 I.
416 2013 461 2070 15.
488 2009 541 2068 'Itu
564 2009 641 2070 mille
663 2010 811 2090 equitibus*
827 2011 871 2072 M
906 2011 1062 2082 oni‚.nille

165 2089 285 2150 aditibus
304 2087 438 2148 dimissis.
478 2089 564 2148 Ilaec
588 2107 646 2147 non
669 2089 808 2166 intelligo.
848 2089 885 2148 N·
908 2091 927 2148 il
949 2090 987 2150 de
1005 2091 1066 2155 hoc

141 2115 211 2228 ibeo
224 2167 335 2226 notavit
349 2167 483 2227 Crevier:
503 2187 558 2226 nee
572 2169 725 2246 quicquam
738 2179 851 2227 mutant
863 2168 928 2226 libri
941 2169 1050 2246 scripti.

184 2252 233 2307 46.
273 2245 349 2304 Ibid.
366 2248 451 2323 juxta
464 2247 561 2302 linem.
603 2247 747 2326 Quicquid
764 2246 998 2321 curaeflumist's
1010 2267 1065 2328 ap·

143 2325 248 2408 propin
269 2325 385 2384 nabunt.
425 2324 471 2381 Ite
484 2323 551 2391 Lib.
566 2323 650 2381 VIII.
671 2341 697 2380 c.
718 2327 766 2392 39.
804 2323 970 2386 chuutn
990 2346 1065 2404 pro.

136 2347 358 2485 ‚gredieiuntuu
372 2402 464 2480 magis
476 2401 622 2481 magisque
635 2399 761 2460 turbatos
774 2399 865 2460 hostes
878 2400 1049 2462 cernebant.

186 2486 235 2547 47.
282 2481 358 2540 Ibid.
378 2481 407 2537 in
426 2481 493 2538 fine.
542 2479 585 2536 Et
603 2475 688 2538 simul
704 2475 876 2538 lassitudine
888 2481 1060 2560 procedente

138 2568 206 2642 jum
226 2562 282 2630 die,
296 2563 384 2637 sume
403 2558 487 2617 etum
507 2557 632 2638 deficere.
680 2556 727 2615 Ite
746 2557 895 2618 Drakenb.
915 2558 1004 2618 edidit
1024 2579 1064 2620 ex
1163 2599 1178 2604 -1

146 2640 238 2699 tribus
264 2638 422 2698 codicibus.
472 2637 515 2696 At
539 2637 669 2714 plerique
696 2636 793 2716 scripti
819 2646 847 2695 et
866 2636 1061 2709 similitudine,

145 2725 198 2794 'pro
217 2726 245 2775 et
257 2717 343 2776 simul
354 2715 544 2775 lassitudine:
567 2716 644 2774 unde
658 2714 821 2774 Gronovius
835 2733 873 2774 ex
893 2715 1016 2793 Polybio
1031 2736 1062 2776 e·

133 2792 305 2852 mendabat
317 2793 404 2854 simul
411 2794 521 2874 juant,
539 2794 709 2875 procedente
718 2796 786 2873 jum
806 2792 862 2864 die,
870 2796 958 2874 ιβαηιε
977 2793 1064 2854 etium

148 2872 354 3008 &ggqis-LVI·
366 2946 456 3004 initio.
491 2913 741 3026 'Trepidantesque
754 2951 925 3040 propcjum
945 2949 977 3018 in
997 2969 1064 3014 sane

147 3033 347 3092 uastandos.
386 3025 433 3083 Ita
452 3021 541 3082 edidit
561 3025 626 3085 lae.
649 3023 822 3096 Gronovius,
843 3047 873 3086 1n
893 3039 1064 3091 contextum
1177 3049 1178 3056 .

149 3125 286 3168 revocans
312 3103 469 3184 priscarum
496 3102 654 3164 editionum
677 3102 857 3182 scripturam,
898 3123 964 3166 nam
983 3108 1063 3168 insu·

139 3207 201 3267 per
213 3185 353 3246 exhibent
366 3182 493 3262 plerique
507 3202 545 3241 ex
556 3184 636 3243 libris
650 3182 773 3262 scriptis.
811 3185 854 3243 At
876 3127 1003 3257 brevient
1024 3206 1064 3248 ex

148 3265 346 3334 vetustiorum,
360 3274 394 3322 ut
406 3271 544 3332 testatur,·
556 3262 623 3334 fide,
647 3261 939 3342 legii-trepidantes,
949 3285 1064 3346 prope·-

149 3347 273 3422 quejam
286 3343 317 3401 in
331 3363 398 3403 suos
408 3350 610 3402 consternatos.
649 3349 667 3380 “
682 3340 873 3418 Trepidantes
883 3341 1062 3420 elephantos,

149 3426 169 3456 “
183 3422 267 3479 etita
280 3420 423 3498 efferatos,
436 3433 469 3481 ut
516 3440 571 3500 ope
588 3423 649 3499 jum
661 3419 765 3484 ruituri
781 3419 944 3482 viderentur
964 3423 995 3480 in
1012 3440 1062 3479 sn·
1122 3440 1124 3445 ’

150 3500 169 3530 “
183 3513 215 3552 os
228 3489 247 3556 i.
261 3517 287 3556 e.
300 3499 425 3562 Poenos.
492 3519 531 3560 ox
549 3508 741 3562 iuuerunt
761 3518 821 3560 non
840 3512 900 3561 tam
916 3497 1065 3584 pauidum,
