2534 4010
474 195 638 264 LIBER
669 191 751 262 xiil.
976 266 981 270 ,
1028 211 1069 272 25

164 367 186 406 t‘¹
219 359 248 418 ui
261 357 398 418 decedere
420 357 524 436 Sicilid,
545 347 594 437 qui
614 359 788 438 stipendium
809 345 915 450 populo
933 345 1068 418 Romano

122 473 125 476 -
164 445 184 474 “
235 448 378 514 repactus
391 445 444 496 est.
483 435 586 514 ltaque
605 457 655 496 vos
712 458 740 505 o,
761 437 875 509 milites,
896 455 952 496 non
974 455 1011 496 eo
1025 455 1070 494 su·

164 523 185 557 ‘⁴
197 515 253 574 lum
268 515 372 582 animo,
387 534 445 591 quo
459 513 594 573 adversus
607 515 677 574 alios
718 526 795 574 ostes
813 513 920 585 soletis,
939 534 1069 593 pugnare
1167 541 1173 554 ·

157 601 183 635 -l‘
194 593 296 662 velim;
320 593 372 650 sed
392 611 458 650 cum
472 590 666 666 indignatione
674 593 802 669 'quadam
823 605 910 671 atque
925 593 973 662 irs,
989 594 1067 653 velut

162 665 184 708 ‘f
193 672 216 730 si
237 689 335 730 servos
361 669 481 728 videatis
508 680 616 726 vestros
642 687 721 727 arma
747 684 865 748 repente
893 683 992 730 contra
1015 691 1067 730 vos

161 755 179 786 “
191 751 327 810 ferentes.
366 745 463 805 Licuit
476 745 514 805 ad
529 747 653 823 Erycem
673 747 792 819 clausos,
807 749 908 808 ultimo
928 751 1067 828 supplicio

161 833 180 863 “
192 828 395 893 humanorum,
409 824 484 884 fame
497 824 676 884 interficere:
698 825 777 884 licuit
790 827 935 886 uictricem
945 829 1065 887 classem

161 911 180 943 ‘⁸
193 905 225 961 in
241 902 369 960 Africam
383 902 520 979 trajicere,
535 915 622 980 atque
634 904 710 962 intra
723 921 830 980 paucos
849 905 910 964 dies
930 906 991 964 sine
1009 907 1067 964 ullo

162 987 181 1016 ‘⁸
196 979 352 1040 certamine
384 980 591 1058 Karthaginem
624 982 749 1041 delere.'
782 981 903 1039 Veniam
936 983 1067 1042 dedimus

161 1064 181 1098 “
193 1059 399 1138 precantibus:
430 1059 575 1117 emisimus
598 1079 635 1118 ex
661 1059 811 1119 obsidione
833 1055 848 1117 :'
873 1075 973 1134 pacem
1000 1079 1065 1118 cunr

160 1143 180 1172 ‘⁴
193 1137 275 1196 victis
289 1136 428 1194 fecimus:
449 1137 558 1194 tutelae
571 1136 674 1196 deinde
688 1149 803 1195 nostrae
816 1136 960 1204 duximus,
1001 1154 1067 1194 uum

161 1219 180 1252 ‘⁸
195 1213 296 1273 Africo
325 1214 404 1274 bello
434 1221 610 1290 urgerentur.
650 1216 706 1273 Pro
730 1215 776 1272 his
801 1213 962 1292 impartitis,
982 1155 1069 1272 inrio-

159 1298 181 1332 1‘
193 1309 258 1350 sum
269 1294 404 1368 juvenem
417 1303 579 1370 sequentes,
596 1305 793 1370 oppugnatum
807 1292 927 1369 patriam
941 1302 1067 1350 nostram

163 1375 181 1404 ‘⁸
195 1369 322 1426 veniunt.
362 1371 460 1447 Atque
483 1371 591 1428 utinam
615 1389 666 1447 pro
690 1370 794 1428 decore
817 1380 929 1427 tantum
949 1369 1005 1428 hoc
1019 1390 1068 1428 vo·

161 1452 180 1484 “
194 1447 248 1516 bis,
270 1457 298 1505 et
319 1467 448 1523 nonpro
468 1448 569 1517 salute,
590 1459 667 1507 esset
688 1459 843 1506 certamen.
862 1465 919 1504 non
942 1447 979 1506 de
1001 1467 1068 1524 pos·
1112 1503 1116 1514 ,

161 1525 322 1584 “sessione
349 1525 462 1584 Siciliae
489 1543 523 1582 ac
552 1525 708 1593 Sardiniae,
733 1524 770 1582 de
797 1523 899 1602 quibus
922 1525 1066 1602 quondam

161 1607 181 1636 “
194 1599 344 1678 agebatur,
366 1601 417 1658 sed
439 1619 491 1676 pro
515 1601 607 1670 ltalia,
628 1603 709 1660 vobis
729 1613 772 1660 est
786 1601 991 1680 pugnandums
1010 1621 1067 1662 nec

109 1703 114 1716 =
162 1683 181 1712 ‘⁴
195 1689 240 1736 est
263 1677 334 1736 alius
352 1678 395 1736 ab
420 1689 500 1753 tergo
522 1678 675 1750 exercitus,
696 1679 752 1755 qui,
777 1679 830 1736 nisi
853 1699 906 1738 nos
919 1679 1066 1749 vincimus,

160 1756 269 1813 “›hosti
291 1755 430 1823 obsistat;
450 1773 505 1813 nec
519 1756 610 1832 Alpes
623 1757 697 1814 aliae
710 1765 786 1824 sunt,
801 1775 872 1833 quas
886 1757 955 1812 dum
970 1775 1066 1832 super·

160 1838 180 1871 “
193 1844 253 1903 ant,
267 1833 425 1912 comparari
446 1851 520 1890 nova
543 1834 654 1912 possint
687 1833 817 1892 raesidia.
829 1834 879 1892 hic
893 1845 938 1892 est
952 1834 1068 1892 obstan-

161 1911 272 1980 “'dum,
294 1912 407 1980 milites,
430 1911 509 1968 velut
529 1913 552 1969 si
566 1924 643 1970 ante
665 1853 797 1970 Romana
820 1911 935 1971 moenia
957 1929 1069 1988 pugne·

161 1993 181 2024 ‘⁴
194 2007 269 2045 mus.
309 1989 511 2066 Unusquisque
532 2007 572 2057 se,
596 2009 653 2046 non
676 2007 779 2066 corpus
793 2007 885 2058 auum,
901 1988 952 2047 sed
966 1991 1066 2066 conju-

160 2072 261 2142 “gem
288 2083 322 2123 ac
347 2065 453 2122 liberos
479 2083 580 2141 parvos
604 2065 688 2122 armis
714 2078 863 2143 protegere
890 2078 991 2143 putet:
1011 2069 1069 2124 nec'

161 2142 366 2202 “domesticas
387 2142 479 2200 solum
503 2143 593 2219 agitet
606 2161 697 2211 curas,
712 2143 763 2219 sed
783 2143 936 2202 identidem
961 2144 1018 2202 hoc
1036 2162 1065 2202 a·

161 2228 179 2258 ‘⁴
193 2224 270 2280 nimo
294 2231 417 2298 reputet,
441 2230 552 2278 nostras
574 2239 652 2279 nunc
680 2220 782 2278 intueri
813 2239 913 2280 manus
933 2231 1065 2282 senatum

161 2299 389 2377 “populumque
416 2299 590 2357 Romanurn.
617 2298 708 2375 qualis
734 2309 831 2358 nostra
858 2298 899 2356 ris
921 2298 1065 2380 virtusque

161 2385 179 2414 ‘⁴
192 2378 286 2445 suerit,
311 2379 398 2436 talem
422 2376 526 2435 deinde
546 2377 691 2435 fortunam
710 2375 783 2436 illius
797 2376 876 2435 urbis
890 2395 925 2434 ac
939 2375 1064 2436 Romani

161 2462 180 2491 “
189 2456 231 2512 im
252 2454 302 2514 erii
315 2454 401 2513 fore.”
956 2475 958 2484 ’

198 2475 296 2590 xin.
336 2533 431 2589 Hanc
445 2533 521 2609 apud
542 2533 690 2612 Romanos
711 2532 819 2594 consul.
844 2531 1003 2598 Hannibal,
1022 2550 1067 2588 re·

159 2613 216 2668 bus
228 2610 315 2684 prius,
329 2615 416 2684 qu‘am
429 2611 532 2678 verbis,
553 2609 747 2668 adhortandos
774 2609 879 2666 milites
903 2608 1066 2676 ratus‚›cir-

159 2685 297 2745 enmdato
319 2686 357 2742 ad
380 2686 576 2762 spectaculum
603 2685 739 2756 exercitu,
761 2685 888 2762 captivos
914 2697 1065 2746 montanos

51 2801 55 2810 ·
157 2764 270 2824 vinctos
283 2763 312 2822 in
327 2762 422 2822 medio
436 2763 555 2821 statuit:
575 2762 717 2841 armisque
732 2762 862 2821 Gallicis·
874 2776 940 2823 ante
964 2783 1063 2828 eorum

158 2844 247 2922 pedes
275 2840 409 2920 projectis
424 2841 610 2920 'interrogare
636 2841 821 2922 interpretem
844 2842 937 2921 jussit,
954 2844 1062 2936 ecquis,

158 2923 182 2980 si
207 2921 328 2981 vinculis
349 2920 499 2990 levaretur,
512 2937 648 2998 armaque
662 2931 692 2979 et
715 2939 820 3000 equum
840 2921 931 2981 victor
949 2927 1063 3002 accipe*

157 3011 211 3070 ret,
238 3001 385 3060 decertare
411 3000 485 3057 ferro
511 2997 619 3058 vellet?
659 2999 755 3064 Quum
783 2998 820 3057 ad
846 3019 944 3058 unum·
963 2999 1065 3059 omnes'

158 3079 263 3136 ferrum
276 3093 459 3155 pugnamque
473 3087 633 3153 poscerent,
648 3087 678 3134 et
688 3078 805 3156 'deiecta
816 3077 845 3134 in
859 3077 889 3135 id
902 3097 963 3136 sors
976 3091 1061 3146 esset,

159 3171 192 3214 se
215 3156 332 3233 quisque
356 3173 423 3213 eum
446 3156 574 3230 optabat,
596 3173 681 3232 quem
702 3152 816 3214 fortuna
829 3155 858 3214 iu
871 3153 902 3212 id
916 3147 1063 3214 certamen'

157 3233 278 3310 legeret.
315 3233 357 3292 Ut
378 3235 518 3310 cujusque
540 3251 600 3292 sors
626 3231 780 3303 exciderat,
794 3232 898 3302 alacer,
912 3233 986 3291 inter
998 3247 1062 3306 gra-

158 3311 286 3372 tulantes
305 3309 410 3388 gaudio
433 3309 589 3381 exsultans,
604 3311 727 3370 cumani
741 3311 827 3370 moris
841 3308 970 3386 tripudiis
983 3321 1063 3360 arma

157 3389 262 3470 raptim
277 3388 416 3466 capiebat.
433 3389 484 3450 ubi
503 3407 570 3447 vero
590 3389 772 3458 dimicarent,
787 3389 811 3446 is
824 3386 939 3468 habitqs
953 3377 1064 3470 animo-2
1077 3433 1082 3440 .

158 3487 220 3530 rum
234 3485 295 3530 non
306 3465 380 3528 inter
403 3466 532 3545 ejusdem
545 3467 631 3527 modo
654 3465 825 3528 conditionis
846 3461 976 3516 homines
989 3469 1059 3524 erat,
