2406 3932
140 253 197 311 150
433 263 456 310 ,’
491 244 526 302 Τ.
555 244 696 306 LI'VII

139 421 210 472 mas,
231 399 259 459 in
284 401 369 460 orbes
390 399 514 459 munitas
537 401 750 461 conveherent:
770 400 819 479 qui
840 417 900 460 non
925 397 1050 460 inuexis-

142 492 193 550 aet,
209 483 271 558 ejus
286 500 318 538 se
331 498 430 556 agrum
450 479 662 556 populaturum,
684 498 780 540 servos
799 481 853 538 sub
876 479 961 538 hasta
980 483 1051 538 veti⁴

142 558 278 627 diturum,
305 557 384 615 villas
411 557 602 616 incensurum.
653 557 700 616 Ne
723 557 900 636 praetoribus
923 556 1050 634 quidem,

142 641 189 717 qui
204 637 241 694 ad
252 639 299 714 jus
312 634 467 694 dicendum
481 635 568 693 creati
588 646 678 705 erant,
695 636 806 694 vasallo
819 637 858 696 al)
870 635 939 699 belli
957 633 1050 692 admi·

141 714 308 774 nistratione
327 713 395 771 duta
416 723 469 771 est.
509 713 655 772 Valerium
679 727 840 790 praetorem
861 713 891 771 in
913 711 1050 790 Apuliam
1089 763 1092 770 ,
1125 723 1128 730 “

142 795 182 852 ire
210 792 327 869 placuit,
355 790 393 848 ad
420 791 577 850 exercitum
612 811 635 852 a,
658 791 793 852 Terentio
827 791 1050 870 accipiendum:

143 890 230 950 quum
251 891 288 929 ex
311 869 406 928 Sicilia
426 869 555 945 legiones
575 869 727 938 veulssent,
751 870 785 928 ils
806 867 984 948 potIssimum
1007 867 1053 925 uti

142 947 179 1007 ad
201 947 324 1024 regionis
347 950 409 1024 ejus
432 947 628 1024 praesidium:
656 946 863 1008 Terentianum
887 947 961 1005 mitti
982 963 1052 1004 cum

142 1026 237 1104 aliquo
251 1026 419 1102 legatorum.
461 1025 500 1082 Et
513 1025 611 1102 viginti
625 1026 750 1104 quiuque
763 1045 851 1084 naves
871 1027 914 1084 M.
937 1023 1053 1082 Valerio

143 1105 228 1164 datae
249 1115 324 1172 sunt,
349 1103 452 1181 quibus
475 1121 554 1162 oram
577 1105 746 1162 maritimam
769 1104 842 1162 inter
865 1101 1050 1166 Brundisium

143 1201 179 1241 ac
201 1183 357 1240 Tarentum
381 1180 468 1240 tutari
495 1194 602 1258 posset.
643 1182 700 1242 Par
721 1183 835 1240 navium
851 1199 993 1241 ¹uumerus
1013 1181 1053 1244 Q·

144 1261 252 1328 Fulvio,
274 1260 397 1337 praetori
418 1260 536 1329 urbano,
558 1259 691 1320 decretus
711 1261 748 1318 ad
770 1261 936 1322 suburbana
955 1259 1054 1316 littora

144 1337 274 1400 tutanda
315 1338 349 1396 C.
374 1336 509 1396 Terentio
531 1337 693 1414 proconsuli
715 1339 864 1413 negotium
886 1338 1054 1406 detumuit

144 1417 173 1473 in
195 1412 303 1473 Piceno
321 1433 391 1490 agro
415 1415 651 1493 conquisitionem
670 1415 792 1472 militum
815 1416 946 1482 haberet,
968 1414 1054 1474 locis·

30 1501 55 1518 ⁴·
144 1492 248 1572 queils
262 1492 402 1570 praesidio
417 1507 503 1552 esset.
543 1492 583 1554 Es
603 1491 640 1552 T'.
664 1491 802 1552 Otacilius
823 1494 952 1562 Crassus,
973 1506 1055 1568 post·

146 1590 229 1650 quam
245 1571 346 1630 aedem
361 1571 472 1630 Mentis
491 1572 521 1630 in
543 1572 686 1650 Capitolio
706 1570 857 1642 dedicavit,
877 1571 907 1627 iu
926 1569 1055 1630 siciliam

144 1669 210 1709 cum
225 1649 352 1726 imperio,
367 1651 415 1728 qui
429 1649 512 1708 classi
525 1662 681 1726 praeesset,
695 1649 807 1708 missus.
919 1701 920 1708 ,

185 1727 327 1786 XXXIII.
367 1729 405 1784 lu
425 1727 501 1784 hanc
521 1727 733 1782 dimicationem
753 1725 875 1782 duorum
897 1724 1058 1800 opuleutr’e·

146 1805 280 1866 simorum
295 1806 324 1862 in
339 1803 419 1860 terris
433 1801 601 1877 populorum
616 1817 717 1858 omnes
735 1817 819 1876 reges
842 1811 1002 1878 gentesque
1022 1819 1057 1858 a·

145 1884 236 1949 nimos
260 1879 449 1937 Intenderant.
476 1878 550 1934 iuter
577 1895 648 1954 quos
675 1876 834 1954 Philippus,
856 1878 1055 1938 Macedonum

144 1977 210 2026 rex3
231 1976 266 2014 eo
281 1957 378 2031 magis,
394 1953 471 2031 quod
484 1954 600 2032 propior
614 1954 724 2025 ItaIIae,
745 1974 780 2014 ac
794 1957 866 2016 mari
879 1967 992 2017 tautum
1006 1957 1054 2014 Io·

144 2038 192 2094 nio
205 2033 354 2100 discretus,
369 2043 439 2090 erat
482 2035 511 2092 Is
532 2034 582 2094 ubi
602 2034 724 2112 primum
737 2032 816 2094 fama
829 2037 950 2113 accepit,
971 2035 1057 2094 Han-¹

145 2113 269 2172 nibalem
297 2110 390 2188 Alpes
413 2123 631 2189 transgressum,
653 2125 686 2172 ut
708 2111 787 2172 bello
809 2114 883 2172 iuter
907 2113 1057 2172 Romanos

146 2189 333 2268 Poenumque
348 2203 411 2250 orto
425 2191 548 2250 laetatus
567 2201 637 2261 erat,
657 2192 707 2258 ita,
728 2193 819 2250 utrius
839 2191 935 2269 populi
955 2189 1058 2250 mallet·

145 2267 290 2328 victoriam
306 2287 378 2335 esse,
400 2269 514 2329 incertis
532 2268 628 2328 adhuc
647 2269 763 2338 viribus,
784 2270 939 2330 fluctuatus
957 2266 1059 2326 animo

134 2345 246 2408 luerat.
286 2345 443 2423 Postquam
458 2347 543 2406 tertia
560 2349 619 2424 jam
633 2365 739 2424 pugna,
759 2347 843 2408 tertia
856 2345 973 2406 victoria
986 2363 1062 2406 cum

147 2425 252 2486 Poenis
265 2433 336 2492 erat,
356 2425 393 2482 ad
407 2425 550 2483 fortunam
565 2425 719 2494 inclinavit,
733 2425 901 2504 legatosque
914 2424 952 2482 ad
973 2425 1056 2484 Han?

147 2504 273 2572 nibalem
300 2502 395 2572 misit;
426 2504 484 2582 qui,
508 2504 631 2562 vitantes
653 2516 754 2581 portus
773 2504 976 2563 Brundisinum
996 2501 1058 2560 Tre-¹

146 2585 355 2660 seminumque,
378 2583 444 2660 quia
464 2581 602 2642 custodis
624 2583 737 2640 navium
759 2581 955 2642 Romanarum
974 2589 1060 2639 tene·

147 2661 263 2729 bantur,
278 2663 314 2718 ad
330 2660 465 2720 Laciniae
478 2660 602 2720 Iunonis
615 2660 759 2738 templum,
775 2659 804 2721 in
825 2671 929 2720 terram
950 2657 1059 2736 egressi

147 2748 222 2794 suut.
263 2736 338 2795 Inde
356 2758 408 2814 per
432 2739 568 2816 Apuliam
592 2750 726 2816 petentes
750 2739 890 2814 Capuam,
913 2737 1008 2796 media
1026 2736 1059 2796 io

146 2811 288 2890 praesidia
308 2811 441 2872 Romane
461 2815 532 2872 illati
552 2828 628 2882 suot,
648 2810 821 2889 deductique
842 2813 880 2870 ad
904 2811 949 2869 Μ.
970 2811 1060 2872 vals-

147 2887 219 2948 rium
243 2886 402 2946 LaevInum
426 2903 596 2966 praetorem,
613 2889 693 2958 ,circa
718 2887 871 2953 Nuceriam
892 2897 985 2946 castra
1004 2887 1059 2948 ha·

147 2967 274 3026 bentem.
314 2962 360 3022 lbi
373 2963 513 3040 intrepide
528 2963 732 3041 Xenophanes,
746 2963 898 3040 legationis
911 2965 1057 3046 princeps,

148 3063 166 3104 a
185 3041 317 3121 Philippo
338 3060 406 3120 rege
430 3042 609 3110 semiesum,
630 3042 680 3113 ait,
701 3039 742 3102 ad¹
757 3042 911 3104 amicitiam
933 3044 1057 3106 societa-

148 3133 265 3200 temque
275 3121 452 3200 jungendam
466 3140 533 3182 cum
547 3119 654 3199 populo
675 3120 826 3190 Romnum
846 3123 982 3182 mandata
1004 3123 1056 3184 Ira·

145 3203 217 3267 'bere
240 3198 278 3260 ad
300 3200 487 3260 consulesne
507 3211 638 3260 senatum
666 3201 862 3279 populumque
881 3201 1059 3260 Romanum.

149 3281 228 3342 Inter
242 3277 418 3346 defectiones
433 3290 565 3342 veterum
580 3279 733 3350 sociorum,
754 3279 895 3350 Valerius,
916 3281 991 3340 nova
1009 3298 1056 3358 so·

149 3358 254 3418 cietate
268 3369 326 3418 tam
341 3359 409 3421 clari
422 3358 497 3435 regis
509 3359 602 3418 laetus
615 3358 781 3428 admodum,
801 3356 899 3418 hostes
918 3377 970 3436 pro
989 3357 1056 3414 has·

148 3433 256 3508 pitibus
279 3439 399 3498 comiter
424 3436 545 3516 accepit.
565 3437 626 3507 dat,
648 3437 697 3515 qui
719 3448 934 3516 prosequantur,
954 3433 1061 3494 itinera·

150 3525 216 3570 011111
236 3533 306 3576 cura
325 3518 531 3592 demonstrent,
552 3534 625 3600 quae
644 3515 719 3589 loca,
739 3535 867 3595 quosque
886 3516 990 3586 salure,
1003 3523 1062 3572 aut
