2406 3932
30 2329 34 2336 '
131 2337 197 2378 eum
216 2321 290 2380 binis
310 2322 435 2380 millibus
455 2333 657 2380 annatoroma

445 221 610 288 Ltlnttrt
639 219 750 287 xx1V.
989 229 1057 300 ltro

144 377 325 452 vincit'erat
345 383 396 444 ubi
417 378 454 443 ee
474 377 596 463 accepit,
611 385 756 463 extemplo
774 382 886 459 legatos
899 383 936 443 ad
951 385 1055 446 Hiero·

144 477 263 536 nymum
276 462 370 521 misit:
391 463 449 540 qui,
470 481 558 541 quum
582 481 644 522 sese
667 463 704 520 sd
725 463 916 521 renovandam
932 463 1052 522 societa-

142 548 211 606 tem,
226 557 302 617 quae
323 557 389 599 cum
414 558 468 598 aro
490 540 600 607 fuisset,
615 541 726 598 venisse
747 539 884 607 dicerent,
906 559 957 618 per
980 542 1053 600 ludi·

142 613 349 675 briem-auditi
375 615 542 694 dimissique
565 630 632 674 sunt
655 619 692 676 ab
713 628 852 694 quarente
878 637 931 695 per
953 621 1053 696 jocum

143 689 332 772 Hieronymo,
348 713 421 772 quae
439 693 554 753 senune
568 694 609 752 eis
667 711 741 769 gnae
754 693 790 752 ad
805 695 919 754 Cannas
933 696 1053 756 fuissett

140 771 188 828 vix
214 770 363 830 credibilia
386 773 461 831 euim
484 771 596 848 legatos
656 771 794 831 annibalis
820 790 942 832 narrare.
964 775 1050 848 ¹velle,

139 847 207 924 quid
221 849 280 906 reri
302 848 347 918 sit,
361 850 442 919 scire,
457 861 488 908 ut
502 867 540 908 ex
555 867 607 917 eo,
615 859 709 907 uttam
720 869 762 946 pp
823 863 965 926 sequatur,
980 871 1049 911 con·

140 924 234 982 silium
254 927 359 1004 capiat.
410 927 542 998 Romani,
566 917 750 1004 qddrii‘ie'no
784 928 929 1008 egetiories
950 931 1051 990 audire

140 1003 291 1080 coepisset,
315 1005 456 1064 redituros
481 1023 513 1064 se
539 1005 577 1063 ad
601 1023 667 1064 eum
689 1005 819 1065 dicentes
841 1023 913 1074 esse,
940 1009 1049 1066 monito

138 1080 230 1158 magis
250 1100 295 1151 eo,
309 1101 396 1160 quam
419 1095 529 1160 rogato,
543 1101 581 1140 ne
593 1082 681 1141 fidem
704 1094 813 1142 temere
837 1094 969 1152 mutaret,
985 1103 1050 1162 pro·

138 1155 312 1217 ficiscuntur.
353 1161 548 1238 Hieronymus
569 1159 679 1237 legatos
700 1160 908 1242 Ketthaginem
922 1149 998 1219 misit
1012 1163 1050 1219 ad

137 1234 240 1294 foedus
262 1253 298 1295 ex
321 1238 540 1298 societatemn
567 1238 731 1297 Hannibale
743 1237 916 1296 faciendum.
942 1239 1048 1297 -Pucto

138 1313 282 1383 convenit,
294 1326 335 1392 ot,
349 1333 438 1393 quum
459 1316 605 1375 Romanos
629 1316 727 1376 Sicilie
741 1316 926 1394 expulissent,
942 1317 982 1394 (id
997 1335 1048 1375 au-

137 1400 196 1447 tem
216 1391 377 1461 brevitate,
391 1393 415 1451 si
438 1411 525 1454 naves
538 1406 626 1473 atque
644 1395 803 1453 exercitum
822 1394 977 1472 misissent)
992 1395 1048 1452 Hi·
1093 1420 1097 1430 t

136 1485 215 1525 mera
227 1469 390 1548 amnis,'qui
412 1470 502 1530 ferme
523 1473 645 1528 insulam
659 1471 767 1537 dividit,
781 1469 846 1527 linis
864 1472 945 1547 regni
960 1473 1046 1550 Syra·

203 1565 204 1570 ¹
225 1547 283 1618 ,Lac
307 1548 408 1617 Punici
427 1547 536 1624 imperii
558 1559 644 1604 esset.
684 1546 780 1602 Aliam
801 1545 913 1616 deinde,
929 1549 1043 1607 inflatus

250 1624 383 1696 tionibus
400 1641 508 1692 eorum,
523 1623 571 1701 qui
592 1640 659 1681 eum
681 1639 738 1679 non
763 1621 898 1680 Hieronis
921 1635 1044 1696 tantum,

135 1699 188 1757 sed
201 1697 302 1778 Pyrrhi
316 1700 403 1758 etiam
416 1701 500 1777 regie,
515 1700 634 1758 materni
648 1698 702 1765 avi,
714 1700 857 1775 jubebant
870 1702 1041 1770 meminisse,

134 1775 308 1853 legationem
320 1777 405 1848 misit,
420 1780 477 1856 quit
496 1797 620 1856 aequum
643 1779 780 1836 censebat
799 1775 896 1836 Sicilie
909 1777 963 1835 sibi
977 1798 1045 1856 om·

134 1855 163 1910 ni
186 1855 268 1914 cedi:
299 1855 401 1915 ltaliae
422 1857 571 1933 imperium
590 1855 735 1934 proprium
750 1855 846 1932 quaeri
862 1853 1045 1934 Karthagini·

60 1981 65 1988 .
133 1931 194 1989 ensi
208 1932 324 2008 populo.
364 1933 451 1992 Hunc
472 1934 615 1992 levitatem
629 1953 665 1991 ae
685 1934 873 2010 jactationem
888 1933 974 1992 animi
994 1954 1044 1993 ne-

132 2027 190 2144 que
215 2009 393 2068 mirabootur
417 2011 447 2066 in
477 2011 574 2088 iuveni
603 2011 719 2079 furioso,
746 2030 840 2088 neque
855 2013 1042 2136 tarffitrbepunt,

152 2087 289 2146 ammodo
301 2098 462 2146 everterent
476 2090 593 2146 eumab
610 2087 756 2146 Romanis.
961 2087 1010 2122 Ἠ
1023 2092 1033 2124 ⁶

172 2164 240 2222 Vll.
280 2165 344 2224 Ssn
367 2164 463 2224 omnia
486 2165 515 2222 in
538 2149 582 2224 eo'
596 2164 762 2243 praecipitia
786 2165 823 2222 ad
846 2167 963 2224 exitium
976 2167 1054 2234 fue«

130 2251 205 2300 runt.
218 2261 295 2312 narn,
310 2261 406 2322 quum,
423 2243 584 2320 praemissis
607 2243 786 2377 Hippocrate
794 2244 1040 2379 ptquebEpicyde

130 2397 276 2474 praesidiis
289 2401 462 2458 tenebantur
476 2399 623 2466 Romanis,
638 2410 668 2457 et
681 2332 791 2476 iqqqtpp
798 2339 956 2458 ssoqqippp
968 2341 1042 2457 ἓξὲξ

130 2485 227 2533 cetero
250 2476 327 2534 omni
340 2477 467 2535 exercitu
482 2480 574 2554 (ment
594 2477 698 2535 audem
712 2477 749 2533 ad
762 2475 926 2553 quindecim
949 2476 1039 2532 millio

129 2553 259 2630 peditum
291 2553 487 2630 equitumque)
518 2555 664 2631 profectus
690 2565 788 2619 esset3
821 2553 925 2610 liberes
951 2551 1038 2609 aedes

129 2629 271 2706 conjurati
294 2633 335 2707 (et
362 2649 461 2690 omnes
483 2631 556 2689 forte
579 2631 751 2706 militabant)
774 2627 954 2686 imminentes
976 2628 1038 2688 riae

128 2718 276 2783 angustae,
292 2708 348 2784 qui
371 2707 546 2766 descendere
560 2707 596 2765 a‘d
619 2708 712 2764 forum
733 2723 785 2764 rex
808 2704 927 2774 solebat,
942 2725 1037 2784 sump-

128 2796 235 2844 serunt.
257 2785 307 2855 ibi,
331 2803 419 2862 quum
442 2785 573 2844 instructi
596 2783 754 2861 armatique
778 2782 866 2841 ceteri
884 2785 1035 2844 transitum

127 2875 329 2942 exspectantes
354 2876 472 2932 starent,
500 2864 549 2922 uni
580 2881 618 2921 ex
644 2861 688 2932 iis,
713 2861 879 2938 (Dinomeni
904 2861 958 2920 fuit
983 2883 1036 2922 no·

127 2945 205 3018 ntea)
228 2942 294 3020 quie
317 2954 414 3000 custos
434 2941 560 3020 corporis
583 2951 653 3008 erat,
676 2950 771 3017 partes
792 2940 878 2998 datae
901 2952 1034 3010 sunt,.ut,

127 3037 215 3096 quum
237 3020 476 3098 appropinquaret
497 3023 602 3097 ianuae
626 3037 686 3088 rex,
700 3037 751 3094 per
771 3035 887 3076 causam
910 3019 1035 3095 aliquem

126 3096 156 3153 in
177 3098 313 3172 angustiis
333 3098 485 3156 sustineret
505 3099 543 3155 ab
564 3108 776 3172 tergo-agmen.
816 3095 871 3166 lta,
886 3107 917 3153 ut
931 3099 1034 3154 'conveu
1108 3101 1133 3118 ''
1180 3161 1185 3171 ,

125 3183 216 3242 neret,
239 3173 346 3232 fuctum
370 3185 424 3233 est.
446 3184 582 3250 tanquam
603 3175 714 3231 laxaret
734 3172 842 3231 elatum
866 3173 970 3250 pedem
990 3175 1028 3232 ab
1093 3187 1096 3192 ·

126 3250 225 3310 stricto
238 3251 323 3320 nodo,
337 3263 464 3312 moratus
484 3253 607 3320 turbam,
623 3251 799 3310 Dinomenes
812 3261 925 3309 tantum
947 3250 1033 3308 inter·

124 3328 191 3388 valli
214 3327 291 3397 iecit,
306 3341 348 3399 ut,
362 3329 499 3406 quum'in
520 3337 749 3405 praetereuntem
770 3328 831 3386 eine
853 3327 968 3385 armetis
989 3345 1033 3386 rc·

125 3425 192 3484 gem
214 3407 340 3484 impetus
361 3407 452 3474 fieret,
472 3405 676 3465 confoderetur
688 3406 796 3482 aliquot
819 3403 897 3479 prius
910 3402 1032 3461 vulneri·

125 3485 188 3561 bus,
203 3502 289 3565 quatu
311 3483 438 3546 succumi
456 3489 562 3563 postet.
584 3484 735 3550 ,Clamore
755 3493 786 3542 et
808 3477 933 3540 tumultu
951 3482 1031 3544 audi-
