<?xml version="1.0" encoding="UTF-8"?>
<!DOCTYPE html PUBLIC "-//W3C//DTD XHTML 1.0 Transitional//EN"
    "http://www.w3.org/TR/xhtml1/DTD/xhtml1-transitional.dtd">
<html xmlns="http://www.w3.org/1999/xhtml" xml:lang="en" lang="en">
 <head>
  <title>
</title>
<meta http-equiv="Content-Type" content="text/html;charset=utf-8" />
  <meta name='ocr-system' content='tesseract 3.04.00' />
  <meta name='ocr-capabilities' content='ocr_page ocr_carea ocr_par ocr_line ocrx_word'/>
</head>
<body>
  <div class='ocr_page' id='page_1' title='image "./titiliviihistor03livigoog_0211.png"; bbox 0 0 2406 3932; ppageno 0'>
   <div class='ocr_carea' id='block_1_1' title="bbox 89 247 722 352">
    <p class='ocr_par' dir='ltr' id='par_1_1' title="bbox 89 247 722 352">
     <span class='ocr_line' id='line_1_1' title="bbox 89 247 722 352; baseline -0.009 -1"><span class='ocrx_word' id='word_1_1' title='bbox 89 247 97 254; x_wconf 54' lang='grc'><strong>”</strong></span> <span class='ocrx_word' id='word_1_2' title='bbox 160 291 220 352; x_wconf 81' lang='lat' dir='ltr'>noo</span> <span class='ocrx_word' id='word_1_3' title='bbox 466 283 552 346; x_wconf 82' lang='lat' dir='ltr'>··r.</span> <span class='ocrx_word' id='word_1_4' title='bbox 580 281 722 346; x_wconf 78' lang='lat' dir='ltr'>trvrr</span> 
     </span>
    </p>
   </div>
   <div class='ocr_carea' id='block_1_2' title="bbox 89 439 1125 3312">
    <p class='ocr_par' dir='ltr' id='par_1_2' title="bbox 89 439 1125 3312">
     <span class='ocr_line' id='line_1_2' title="bbox 157 439 1076 512; baseline 0 -8"><span class='ocrx_word' id='word_1_5' title='bbox 157 464 217 504; x_wconf 91' lang='lat' dir='ltr'>non</span> <span class='ocrx_word' id='word_1_6' title='bbox 238 441 339 503; x_wconf 86' lang='lat' dir='ltr'>exsilio</span> <span class='ocrx_word' id='word_1_7' title='bbox 361 442 462 512; x_wconf 85' lang='lat' dir='ltr'>solum,</span> <span class='ocrx_word' id='word_1_8' title='bbox 477 442 528 501; x_wconf 88' lang='lat' dir='ltr'>sed</span> <span class='ocrx_word' id='word_1_9' title='bbox 549 443 637 502; x_wconf 86' lang='lat' dir='ltr'>etiam</span> <span class='ocrx_word' id='word_1_10' title='bbox 660 451 762 510; x_wconf 89' lang='lat' dir='ltr'>morte,</span> <span class='ocrx_word' id='word_1_11' title='bbox 777 441 938 500; x_wconf 77' lang='lat' dir='ltr'>seruitutem</span> <span class='ocrx_word' id='word_1_12' title='bbox 980 439 1076 504; x_wconf 72' lang='lat' dir='ltr'>suan·-</span> 
     </span>
     <span class='ocr_line' id='line_1_3' title="bbox 158 518 1125 582; baseline 0.001 -1"><span class='ocrx_word' id='word_1_13' title='bbox 158 533 228 581; x_wconf 90' lang='lat' dir='ltr'>tur:</span> <span class='ocrx_word' id='word_1_14' title='bbox 258 539 312 579; x_wconf 91' lang='lat' dir='ltr'>nec</span> <span class='ocrx_word' id='word_1_15' title='bbox 336 520 455 579; x_wconf 86' lang='lat' dir='ltr'>caedem</span> <span class='ocrx_word' id='word_1_16' title='bbox 476 519 631 578; x_wconf 81' lang='lat' dir='ltr'>nefandam</span> <span class='ocrx_word' id='word_1_17' title='bbox 654 520 795 578; x_wconf 85' lang='lat' dir='ltr'>sociorum</span> <span class='ocrx_word' id='word_1_18' title='bbox 818 518 937 577; x_wconf 87' lang='lat' dir='ltr'>inultam</span> <span class='ocrx_word' id='word_1_19' title='bbox 990 541 1076 582; x_wconf 88' lang='lat' dir='ltr'>oma·</span> <span class='ocrx_word' id='word_1_20' title='bbox 1119 561 1125 566; x_wconf 93' lang='lat'><em>-</em></span> 
     </span>
     <span class='ocr_line' id='line_1_4' title="bbox 157 596 1073 676; baseline -0.001 -18"><span class='ocrx_word' id='word_1_21' title='bbox 157 619 211 658; x_wconf 88' lang='lat' dir='ltr'>nos</span> <span class='ocrx_word' id='word_1_22' title='bbox 235 617 377 676; x_wconf 89' lang='lat' dir='ltr'>passuros.</span> <span class='ocrx_word' id='word_1_23' title='bbox 429 598 541 674; x_wconf 86' lang='lat' dir='ltr'>ltaque,</span> <span class='ocrx_word' id='word_1_24' title='bbox 565 598 589 655; x_wconf 92' lang='lat' dir='ltr'>si</span> <span class='ocrx_word' id='word_1_25' title='bbox 610 597 661 666; x_wconf 90' lang='lat' dir='ltr'>eis,</span> <span class='ocrx_word' id='word_1_26' title='bbox 685 597 733 674; x_wconf 93' lang='lat' dir='ltr'>qui</span> <span class='ocrx_word' id='word_1_27' title='bbox 755 597 791 654; x_wconf 92' lang='lat' dir='ltr'>ad</span> <span class='ocrx_word' id='word_1_28' title='bbox 818 615 850 654; x_wconf 89' lang='lat' dir='ltr'>se</span> <span class='ocrx_word' id='word_1_29' title='bbox 874 596 1073 676; x_wconf 75' lang='lat' dir='ltr'>perfugerant,</span> 
     </span>
     <span class='ocr_line' id='line_1_5' title="bbox 157 673 1073 752; baseline -0.001 -17"><span class='ocrx_word' id='word_1_30' title='bbox 157 688 237 736; x_wconf 91' lang='lat' dir='ltr'>tutus</span> <span class='ocrx_word' id='word_1_31' title='bbox 251 677 280 734; x_wconf 91' lang='lat' dir='ltr'>iu</span> <span class='ocrx_word' id='word_1_32' title='bbox 298 675 420 751; x_wconf 89' lang='lat' dir='ltr'>patriam</span> <span class='ocrx_word' id='word_1_33' title='bbox 440 675 549 734; x_wconf 87' lang='lat' dir='ltr'>reditus</span> <span class='ocrx_word' id='word_1_34' title='bbox 568 687 690 752; x_wconf 90' lang='lat' dir='ltr'>pateret,</span> <span class='ocrx_word' id='word_1_35' title='bbox 705 673 801 734; x_wconf 87' lang='lat' dir='ltr'>caedis</span> <span class='ocrx_word' id='word_1_36' title='bbox 814 689 946 734; x_wconf 79' lang='lat' dir='ltr'><strong>auctores</strong></span> <span class='ocrx_word' id='word_1_37' title='bbox 959 677 1073 748; x_wconf 87' lang='lat' dir='ltr'>dedan-</span> 
     </span>
     <span class='ocr_line' id='line_1_6' title="bbox 157 752 1072 831; baseline -0.002 -17"><span class='ocrx_word' id='word_1_38' title='bbox 157 767 212 824; x_wconf 87' lang='lat' dir='ltr'>tur,</span> <span class='ocrx_word' id='word_1_39' title='bbox 232 765 263 812; x_wconf 90' lang='lat' dir='ltr'>et</span> <span class='ocrx_word' id='word_1_40' title='bbox 283 753 399 812; x_wconf 87' lang='lat' dir='ltr'>libertas</span> <span class='ocrx_word' id='word_1_41' title='bbox 419 753 554 831; x_wconf 85' lang='lat' dir='ltr'>legesque</span> <span class='ocrx_word' id='word_1_42' title='bbox 577 752 763 830; x_wconf 81' lang='lat' dir='ltr'><strong>Syracusanis</strong></span> <span class='ocrx_word' id='word_1_43' title='bbox 783 754 977 823; x_wconf 86' lang='lat' dir='ltr'>restituantur,</span> <span class='ocrx_word' id='word_1_44' title='bbox 998 755 1072 812; x_wconf 90' lang='lat' dir='ltr'>nihil</span> 
     </span>
     <span class='ocr_line' id='line_1_7' title="bbox 156 829 1072 908; baseline 0 -18"><span class='ocrx_word' id='word_1_45' title='bbox 156 832 242 890; x_wconf 86' lang='lat' dir='ltr'>armis</span> <span class='ocrx_word' id='word_1_46' title='bbox 265 850 337 908; x_wconf 89' lang='lat' dir='ltr'>opus</span> <span class='ocrx_word' id='word_1_47' title='bbox 357 849 443 890; x_wconf 85' lang='lat' dir='ltr'>esse:</span> <span class='ocrx_word' id='word_1_48' title='bbox 472 831 496 888; x_wconf 86' lang='lat' dir='ltr'>si</span> <span class='ocrx_word' id='word_1_49' title='bbox 519 849 555 888; x_wconf 90' lang='lat' dir='ltr'>ea</span> <span class='ocrx_word' id='word_1_50' title='bbox 575 849 634 888; x_wconf 91' lang='lat' dir='ltr'>non</span> <span class='ocrx_word' id='word_1_51' title='bbox 655 829 734 898; x_wconf 87' lang='lat' dir='ltr'>fiant,</span> <span class='ocrx_word' id='word_1_52' title='bbox 756 831 920 908; x_wconf 88' lang='lat' dir='ltr'>quicunque</span> <span class='ocrx_word' id='word_1_53' title='bbox 941 832 971 889; x_wconf 92' lang='lat' dir='ltr'>in</span> <span class='ocrx_word' id='word_1_54' title='bbox 990 849 1072 890; x_wconf 90' lang='lat' dir='ltr'>mora</span> 
     </span>
     <span class='ocr_line' id='line_1_8' title="bbox 157 907 1071 986; baseline 0 -18"><span class='ocrx_word' id='word_1_55' title='bbox 157 911 202 978; x_wconf 86' lang='lat' dir='ltr'>sit,</span> <span class='ocrx_word' id='word_1_56' title='bbox 221 909 297 968; x_wconf 89' lang='lat' dir='ltr'>bello</span> <span class='ocrx_word' id='word_1_57' title='bbox 317 918 527 985; x_wconf 85' lang='lat' dir='ltr'>persecuturos.</span> <span class='ocrx_word' id='word_1_58' title='bbox 567 908 618 966; x_wconf 86' lang='lat' dir='ltr'>Ad</span> <span class='ocrx_word' id='word_1_59' title='bbox 637 926 672 966; x_wconf 89' lang='lat' dir='ltr'>ea</span> <span class='ocrx_word' id='word_1_60' title='bbox 693 907 848 986; x_wconf 88' lang='lat' dir='ltr'>Epicydes,</span> <span class='ocrx_word' id='word_1_61' title='bbox 869 909 964 986; x_wconf 88' lang='lat' dir='ltr'>siqua</span> <span class='ocrx_word' id='word_1_62' title='bbox 981 911 1017 968; x_wconf 92' lang='lat' dir='ltr'>ad</span> <span class='ocrx_word' id='word_1_63' title='bbox 1038 929 1071 968; x_wconf 89' lang='lat' dir='ltr'>se</span> 
     </span>
     <span class='ocr_line' id='line_1_9' title="bbox 151 985 1070 1066; baseline 0 -20"><span class='ocrx_word' id='word_1_64' title='bbox 151 987 293 1066; x_wconf 17' lang='lat' dir='ltr'>&#39;mandata</span> <span class='ocrx_word' id='word_1_65' title='bbox 311 986 460 1055; x_wconf 89' lang='lat' dir='ltr'>haberent,</span> <span class='ocrx_word' id='word_1_66' title='bbox 475 1004 644 1062; x_wconf 88' lang='lat' dir='ltr'>responsum</span> <span class='ocrx_word' id='word_1_67' title='bbox 658 985 708 1055; x_wconf 90' lang='lat' dir='ltr'>eis,</span> <span class='ocrx_word' id='word_1_68' title='bbox 722 985 772 1057; x_wconf 89' lang='lat' dir='ltr'>ait,</span> <span class='ocrx_word' id='word_1_69' title='bbox 787 1005 818 1044; x_wconf 87' lang='lat' dir='ltr'>se</span> <span class='ocrx_word' id='word_1_70' title='bbox 831 986 947 1044; x_wconf 89' lang='lat' dir='ltr'>daturos</span> <span class='ocrx_word' id='word_1_71' title='bbox 960 987 1070 1046; x_wconf 77' lang='lat' dir='ltr'>fuisset</span> 
     </span>
     <span class='ocr_line' id='line_1_10' title="bbox 155 1063 1071 1144; baseline -0.002 -20"><span class='ocrx_word' id='word_1_72' title='bbox 155 1085 245 1144; x_wconf 88' lang='lat' dir='ltr'>quum</span> <span class='ocrx_word' id='word_1_73' title='bbox 259 1065 288 1122; x_wconf 91' lang='lat' dir='ltr'>iu</span> <span class='ocrx_word' id='word_1_74' title='bbox 300 1083 409 1134; x_wconf 88' lang='lat' dir='ltr'>eorum,</span> <span class='ocrx_word' id='word_1_75' title='bbox 423 1063 460 1122; x_wconf 87' lang='lat' dir='ltr'>ad</span> <span class='ocrx_word' id='word_1_76' title='bbox 475 1082 546 1142; x_wconf 89' lang='lat' dir='ltr'>quos</span> <span class='ocrx_word' id='word_1_77' title='bbox 567 1063 705 1132; x_wconf 85' lang='lat' dir='ltr'>venerint,</span> <span class='ocrx_word' id='word_1_78' title='bbox 720 1081 808 1142; x_wconf 80' lang='lat' dir='ltr'>manu</span> <span class='ocrx_word' id='word_1_79' title='bbox 820 1083 866 1122; x_wconf 85' lang='lat' dir='ltr'>res</span> <span class='ocrx_word' id='word_1_80' title='bbox 887 1063 1071 1140; x_wconf 87' lang='lat' dir='ltr'>Syracusana</span> 
     </span>
     <span class='ocr_line' id='line_1_11' title="bbox 156 1141 1070 1219; baseline -0.002 -17"><span class='ocrx_word' id='word_1_81' title='bbox 156 1158 240 1212; x_wconf 86' lang='lat' dir='ltr'>esset,</span> <span class='ocrx_word' id='word_1_82' title='bbox 265 1155 327 1202; x_wconf 90' lang='lat' dir='ltr'>tum</span> <span class='ocrx_word' id='word_1_83' title='bbox 350 1151 567 1201; x_wconf 89' lang='lat' dir='ltr'>reverterentur.</span> <span class='ocrx_word' id='word_1_84' title='bbox 620 1141 651 1200; x_wconf 90' lang='lat' dir='ltr'>Si</span> <span class='ocrx_word' id='word_1_85' title='bbox 673 1141 751 1200; x_wconf 90' lang='lat' dir='ltr'>bello</span> <span class='ocrx_word' id='word_1_86' title='bbox 776 1141 926 1211; x_wconf 86' lang='lat' dir='ltr'>lacessant,</span> <span class='ocrx_word' id='word_1_87' title='bbox 951 1142 1015 1219; x_wconf 75' lang='lat' dir='ltr'>ipsit</span> <span class='ocrx_word' id='word_1_88' title='bbox 1035 1161 1070 1200; x_wconf 87' lang='lat' dir='ltr'>re</span> 
     </span>
     <span class='ocr_line' id='line_1_12' title="bbox 155 1217 1070 1296; baseline -0.002 -16"><span class='ocrx_word' id='word_1_89' title='bbox 155 1221 359 1288; x_wconf 81' lang='lat' dir='ltr'>intellecturos,</span> <span class='ocrx_word' id='word_1_90' title='bbox 383 1237 564 1296; x_wconf 83' lang='lat' dir='ltr'>nequaquam</span> <span class='ocrx_word' id='word_1_91' title='bbox 586 1217 664 1277; x_wconf 91' lang='lat' dir='ltr'>idem</span> <span class='ocrx_word' id='word_1_92' title='bbox 686 1238 749 1278; x_wconf 89' lang='lat' dir='ltr'>esse</span> <span class='ocrx_word' id='word_1_93' title='bbox 774 1218 930 1294; x_wconf 75' lang='lat' dir='ltr'>Syracusas</span> <span class='ocrx_word' id='word_1_94' title='bbox 952 1238 987 1278; x_wconf 89' lang='lat' dir='ltr'>ac</span> <span class='ocrx_word' id='word_1_95' title='bbox 1010 1219 1070 1278; x_wconf 89' lang='lat' dir='ltr'>Le·</span> 
     </span>
     <span class='ocr_line' id='line_1_13' title="bbox 155 1296 1068 1374; baseline 0 -18"><span class='ocrx_word' id='word_1_96' title='bbox 155 1299 269 1356; x_wconf 91' lang='lat' dir='ltr'>ontinos</span> <span class='ocrx_word' id='word_1_97' title='bbox 292 1315 466 1374; x_wconf 82' lang='lat' dir='ltr'>oppugnare.</span> <span class='ocrx_word' id='word_1_98' title='bbox 507 1297 554 1356; x_wconf 88' lang='lat' dir='ltr'>lta</span> <span class='ocrx_word' id='word_1_99' title='bbox 574 1296 676 1372; x_wconf 87' lang='lat' dir='ltr'>legatis</span> <span class='ocrx_word' id='word_1_100' title='bbox 698 1296 813 1365; x_wconf 85' lang='lat' dir='ltr'>relictis,</span> <span class='ocrx_word' id='word_1_101' title='bbox 836 1310 934 1373; x_wconf 87' lang='lat' dir='ltr'>portas</span> <span class='ocrx_word' id='word_1_102' title='bbox 955 1297 1068 1356; x_wconf 89' lang='lat' dir='ltr'>clausit.</span> 
     </span>
     <span class='ocr_line' id='line_1_14' title="bbox 155 1373 1068 1452; baseline 0 -18"><span class='ocrx_word' id='word_1_103' title='bbox 155 1375 228 1434; x_wconf 87' lang='lat' dir='ltr'>Inde</span> <span class='ocrx_word' id='word_1_104' title='bbox 247 1377 324 1433; x_wconf 73' lang='lat' dir='ltr'>terra</span> <span class='ocrx_word' id='word_1_105' title='bbox 338 1374 465 1452; x_wconf 89' lang='lat' dir='ltr'>marique</span> <span class='ocrx_word' id='word_1_106' title='bbox 478 1373 561 1432; x_wconf 88' lang='lat' dir='ltr'>simul</span> <span class='ocrx_word' id='word_1_107' title='bbox 575 1384 695 1450; x_wconf 81' lang='lat' dir='ltr'>coeptae</span> <span class='ocrx_word' id='word_1_108' title='bbox 710 1375 869 1449; x_wconf 89' lang='lat' dir='ltr'>oppugnari</span> <span class='ocrx_word' id='word_1_109' title='bbox 888 1375 1068 1452; x_wconf 82' lang='lat' dir='ltr'>Syracusae:</span> 
     </span>
     <span class='ocr_line' id='line_1_15' title="bbox 155 1449 1068 1530; baseline 0 -20"><span class='ocrx_word' id='word_1_110' title='bbox 155 1453 230 1510; x_wconf 75' lang='lat' dir='ltr'>terra</span> <span class='ocrx_word' id='word_1_111' title='bbox 253 1453 291 1511; x_wconf 87' lang='lat' dir='ltr'>ab</span> <span class='ocrx_word' id='word_1_112' title='bbox 318 1452 483 1530; x_wconf 87' lang='lat' dir='ltr'>Hexapylo,</span> <span class='ocrx_word' id='word_1_113' title='bbox 508 1451 579 1511; x_wconf 88' lang='lat' dir='ltr'>mari</span> <span class='ocrx_word' id='word_1_114' title='bbox 600 1452 638 1510; x_wconf 88' lang='lat' dir='ltr'>ab</span> <span class='ocrx_word' id='word_1_115' title='bbox 663 1449 835 1518; x_wconf 78' lang='lat' dir='ltr'>Achradina,</span> <span class='ocrx_word' id='word_1_116' title='bbox 860 1454 943 1527; x_wconf 88' lang='lat' dir='ltr'>cujus</span> <span class='ocrx_word' id='word_1_117' title='bbox 965 1471 1068 1511; x_wconf 85' lang='lat' dir='ltr'>murus</span> 
     </span>
     <span class='ocr_line' id='line_1_16' title="bbox 154 1527 1068 1607; baseline -0.004 -17"><span class='ocrx_word' id='word_1_118' title='bbox 154 1531 245 1590; x_wconf 87' lang='lat' dir='ltr'>fluctu</span> <span class='ocrx_word' id='word_1_119' title='bbox 267 1530 391 1590; x_wconf 87' lang='lat' dir='ltr'>alluitur.</span> <span class='ocrx_word' id='word_1_120' title='bbox 411 1543 450 1599; x_wconf 88' lang='lat' dir='ltr'>et,</span> <span class='ocrx_word' id='word_1_121' title='bbox 465 1530 539 1607; x_wconf 90' lang='lat' dir='ltr'>quia,</span> <span class='ocrx_word' id='word_1_122' title='bbox 561 1531 636 1588; x_wconf 85' lang='lat' dir='ltr'>sicut</span> <span class='ocrx_word' id='word_1_123' title='bbox 656 1527 813 1586; x_wconf 85' lang='lat' dir='ltr'>Leontinos</span> <span class='ocrx_word' id='word_1_124' title='bbox 824 1537 931 1586; x_wconf 85' lang='lat' dir='ltr'>terrore</span> <span class='ocrx_word' id='word_1_125' title='bbox 951 1545 987 1587; x_wconf 88' lang='lat' dir='ltr'>ac</span> <span class='ocrx_word' id='word_1_126' title='bbox 1008 1530 1068 1605; x_wconf 90' lang='lat' dir='ltr'>pri·</span> 
     </span>
     <span class='ocr_line' id='line_1_17' title="bbox 89 1605 1068 1686; baseline -0.001 -20"><span class='ocrx_word' id='word_1_127' title='bbox 89 1614 95 1623; x_wconf 88' lang='grc'><em>“</em></span> <span class='ocrx_word' id='word_1_128' title='bbox 154 1627 203 1667; x_wconf 92' lang='lat' dir='ltr'>mo</span> <span class='ocrx_word' id='word_1_129' title='bbox 222 1609 332 1686; x_wconf 92' lang='lat' dir='ltr'>impetu</span> <span class='ocrx_word' id='word_1_130' title='bbox 353 1619 499 1686; x_wconf 89' lang='lat' dir='ltr'>ceperant,</span> <span class='ocrx_word' id='word_1_131' title='bbox 513 1627 572 1665; x_wconf 88' lang='lat' dir='ltr'>non</span> <span class='ocrx_word' id='word_1_132' title='bbox 590 1606 767 1674; x_wconf 87' lang='lat' dir='ltr'>diffidebant,</span> <span class='ocrx_word' id='word_1_133' title='bbox 780 1605 890 1662; x_wconf 81' lang='lat' dir='ltr'>vastam</span> <span class='ocrx_word' id='word_1_134' title='bbox 903 1605 1068 1683; x_wconf 71' lang='lat' dir='ltr'>disiectam·</span> 
     </span>
     <span class='ocr_line' id='line_1_18' title="bbox 155 1683 1067 1764; baseline -0.004 -19"><span class='ocrx_word' id='word_1_135' title='bbox 155 1705 210 1764; x_wconf 90' lang='lat' dir='ltr'>que</span> <span class='ocrx_word' id='word_1_136' title='bbox 224 1686 316 1764; x_wconf 84' lang='lat' dir='ltr'>spatio</span> <span class='ocrx_word' id='word_1_137' title='bbox 330 1687 432 1744; x_wconf 88' lang='lat' dir='ltr'>urbem</span> <span class='ocrx_word' id='word_1_138' title='bbox 455 1695 536 1762; x_wconf 88' lang='lat' dir='ltr'>parte</span> <span class='ocrx_word' id='word_1_139' title='bbox 549 1683 646 1760; x_wconf 76' lang='lat' dir='ltr'>aliqud</span> <span class='ocrx_word' id='word_1_140' title='bbox 666 1702 697 1741; x_wconf 85' lang='lat' dir='ltr'>se</span> <span class='ocrx_word' id='word_1_141' title='bbox 718 1684 874 1751; x_wconf 88' lang='lat' dir='ltr'>invasuros,</span> <span class='ocrx_word' id='word_1_142' title='bbox 888 1701 1002 1742; x_wconf 90' lang='lat' dir='ltr'>omnem</span> <span class='ocrx_word' id='word_1_143' title='bbox 1015 1703 1067 1761; x_wconf 87' lang='lat' dir='ltr'>ap-</span> 
     </span>
     <span class='ocr_line' id='line_1_19' title="bbox 153 1760 993 1841; baseline -0.006 -17"><span class='ocrx_word' id='word_1_144' title='bbox 153 1777 286 1841; x_wconf 86' lang='lat' dir='ltr'>paratum</span> <span class='ocrx_word' id='word_1_145' title='bbox 299 1761 554 1840; x_wconf 81' lang='lat' dir='ltr'>oppugnandarum</span> <span class='ocrx_word' id='word_1_146' title='bbox 569 1761 682 1816; x_wconf 90' lang='lat' dir='ltr'>urbium</span> <span class='ocrx_word' id='word_1_147' title='bbox 696 1760 784 1819; x_wconf 81' lang='lat' dir='ltr'>muris</span> <span class='ocrx_word' id='word_1_148' title='bbox 798 1760 993 1819; x_wconf 80' lang='lat' dir='ltr'>admoverunt</span> 
     </span>
     <span class='ocr_line' id='line_1_20' title="bbox 193 1835 1065 1916; baseline -0.005 -16"><span class='ocrx_word' id='word_1_149' title='bbox 193 1841 332 1900; x_wconf 86' lang='lat' dir='ltr'><strong>XXXIV.</strong></span> <span class='ocrx_word' id='word_1_150' title='bbox 353 1835 400 1895; x_wconf 87' lang='lat' dir='ltr'>Er</span> <span class='ocrx_word' id='word_1_151' title='bbox 419 1836 576 1903; x_wconf 84' lang='lat' dir='ltr'>habuisset,</span> <span class='ocrx_word' id='word_1_152' title='bbox 589 1846 671 1892; x_wconf 88' lang='lat' dir='ltr'>tanto</span> <span class='ocrx_word' id='word_1_153' title='bbox 691 1835 802 1912; x_wconf 89' lang='lat' dir='ltr'>impetu</span> <span class='ocrx_word' id='word_1_154' title='bbox 824 1851 936 1916; x_wconf 87' lang='lat' dir='ltr'>coepta,</span> <span class='ocrx_word' id='word_1_155' title='bbox 950 1857 994 1896; x_wconf 86' lang='lat' dir='ltr'>res</span> <span class='ocrx_word' id='word_1_156' title='bbox 1007 1838 1065 1896; x_wconf 87' lang='lat' dir='ltr'>for-</span> 
     </span>
     <span class='ocr_line' id='line_1_21' title="bbox 154 1911 1065 1992; baseline -0.002 -14"><span class='ocrx_word' id='word_1_157' title='bbox 154 1930 262 1984; x_wconf 86' lang='lat' dir='ltr'>tunam,</span> <span class='ocrx_word' id='word_1_158' title='bbox 277 1916 330 1971; x_wconf 86' lang='lat' dir='ltr'>nisi</span> <span class='ocrx_word' id='word_1_159' title='bbox 351 1933 426 1972; x_wconf 88' lang='lat' dir='ltr'>unus</span> <span class='ocrx_word' id='word_1_160' title='bbox 439 1914 525 1970; x_wconf 91' lang='lat' dir='ltr'>homo</span> <span class='ocrx_word' id='word_1_161' title='bbox 548 1911 696 1990; x_wconf 82' lang='lat' dir='ltr'>Syracusis</span> <span class='ocrx_word' id='word_1_162' title='bbox 711 1917 747 1972; x_wconf 74' lang='lat' dir='ltr'>ed</span> <span class='ocrx_word' id='word_1_163' title='bbox 771 1924 943 1992; x_wconf 86' lang='lat' dir='ltr'>tempestate</span> <span class='ocrx_word' id='word_1_164' title='bbox 955 1916 1065 1976; x_wconf 87' lang='lat' dir='ltr'>fuisset.</span> 
     </span>
     <span class='ocr_line' id='line_1_22' title="bbox 155 1989 1074 2072; baseline -0.002 -18"><span class='ocrx_word' id='word_1_165' title='bbox 155 1991 345 2054; x_wconf 82' lang='lat' dir='ltr'>Archimedes</span> <span class='ocrx_word' id='word_1_166' title='bbox 364 1991 389 2048; x_wconf 92' lang='lat' dir='ltr'>is</span> <span class='ocrx_word' id='word_1_167' title='bbox 409 2002 480 2060; x_wconf 87' lang='lat' dir='ltr'>erat,</span> <span class='ocrx_word' id='word_1_168' title='bbox 495 1989 597 2049; x_wconf 90' lang='lat' dir='ltr'>unicus</span> <span class='ocrx_word' id='word_1_169' title='bbox 618 2001 764 2068; x_wconf 89' lang='lat' dir='ltr'>spectator</span> <span class='ocrx_word' id='word_1_170' title='bbox 777 1993 851 2050; x_wconf 89' lang='lat' dir='ltr'>coeli</span> <span class='ocrx_word' id='word_1_171' title='bbox 865 1994 1074 2072; x_wconf 55' lang='lat' dir='ltr'>siderumquc}</span> 
     </span>
     <span class='ocr_line' id='line_1_23' title="bbox 152 2069 1066 2132; baseline -0.001 -2"><span class='ocrx_word' id='word_1_172' title='bbox 152 2070 305 2130; x_wconf 86' lang='lat' dir='ltr'>mirabilior</span> <span class='ocrx_word' id='word_1_173' title='bbox 318 2079 416 2126; x_wconf 89' lang='lat' dir='ltr'>tamen</span> <span class='ocrx_word' id='word_1_174' title='bbox 434 2069 614 2128; x_wconf 85' lang='lat' dir='ltr'>inventurae</span> <span class='ocrx_word' id='word_1_175' title='bbox 632 2069 811 2131; x_wconf 84' lang='lat' dir='ltr'>machinator</span> <span class='ocrx_word' id='word_1_176' title='bbox 824 2071 992 2130; x_wconf 90' lang='lat' dir='ltr'>bellicorum</span> <span class='ocrx_word' id='word_1_177' title='bbox 1007 2087 1066 2132; x_wconf 89' lang='lat' dir='ltr'>tor·</span> 
     </span>
     <span class='ocr_line' id='line_1_24' title="bbox 152 2147 1065 2226; baseline 0.002 -20"><span class='ocrx_word' id='word_1_178' title='bbox 152 2159 314 2206; x_wconf 87' lang='lat' dir='ltr'>mentorum</span> <span class='ocrx_word' id='word_1_179' title='bbox 337 2166 522 2225; x_wconf 89' lang='lat' dir='ltr'>operumque,</span> <span class='ocrx_word' id='word_1_180' title='bbox 535 2147 715 2224; x_wconf 68' lang='lat' dir='ltr'>‚quibusea</span> <span class='ocrx_word' id='word_1_181' title='bbox 738 2167 812 2224; x_wconf 90' lang='lat' dir='ltr'>quac</span> <span class='ocrx_word' id='word_1_182' title='bbox 835 2148 934 2207; x_wconf 90' lang='lat' dir='ltr'>hostes</span> <span class='ocrx_word' id='word_1_183' title='bbox 955 2151 1065 2226; x_wconf 86' lang='lat' dir='ltr'>ingenti</span> 
     </span>
     <span class='ocr_line' id='line_1_25' title="bbox 152 2225 1064 2302; baseline 0.002 -18"><span class='ocrx_word' id='word_1_184' title='bbox 152 2226 228 2284; x_wconf 87' lang='lat' dir='ltr'>mole</span> <span class='ocrx_word' id='word_1_185' title='bbox 242 2239 369 2302; x_wconf 84' lang='lat' dir='ltr'>agerent,</span> <span class='ocrx_word' id='word_1_186' title='bbox 383 2226 445 2302; x_wconf 85' lang='lat' dir='ltr'>ipse</span> <span class='ocrx_word' id='word_1_187' title='bbox 459 2226 565 2302; x_wconf 87' lang='lat' dir='ltr'>perlevi</span> <span class='ocrx_word' id='word_1_188' title='bbox 588 2237 733 2284; x_wconf 89' lang='lat' dir='ltr'>momento</span> <span class='ocrx_word' id='word_1_189' title='bbox 753 2225 954 2284; x_wconf 87' lang='lat' dir='ltr'>ludificaretur.</span> <span class='ocrx_word' id='word_1_190' title='bbox 994 2228 1064 2286; x_wconf 91' lang='lat' dir='ltr'>Mu·</span> 
     </span>
     <span class='ocr_line' id='line_1_26' title="bbox 151 2301 1066 2380; baseline 0.002 -18"><span class='ocrx_word' id='word_1_191' title='bbox 151 2323 224 2370; x_wconf 89' lang='lat' dir='ltr'>rum,</span> <span class='ocrx_word' id='word_1_192' title='bbox 249 2322 300 2380; x_wconf 92' lang='lat' dir='ltr'>per</span> <span class='ocrx_word' id='word_1_193' title='bbox 326 2303 489 2380; x_wconf 84' lang='lat' dir='ltr'>inaequales</span> <span class='ocrx_word' id='word_1_194' title='bbox 513 2301 632 2360; x_wconf 91' lang='lat' dir='ltr'>ductum</span> <span class='ocrx_word' id='word_1_195' title='bbox 659 2303 756 2371; x_wconf 83' lang='lat' dir='ltr'>colles,</span> <span class='ocrx_word' id='word_1_196' title='bbox 780 2301 927 2380; x_wconf 79' lang='lat' dir='ltr'>(pleraque</span> <span class='ocrx_word' id='word_1_197' title='bbox 950 2305 1011 2363; x_wconf 87' lang='lat' dir='ltr'>alta</span> <span class='ocrx_word' id='word_1_198' title='bbox 1034 2317 1066 2364; x_wconf 92' lang='lat' dir='ltr'>et</span> 
     </span>
     <span class='ocr_line' id='line_1_27' title="bbox 152 2380 1064 2458; baseline 0 -17"><span class='ocrx_word' id='word_1_199' title='bbox 152 2381 276 2442; x_wconf 87' lang='lat' dir='ltr'>difficilia</span> <span class='ocrx_word' id='word_1_200' title='bbox 299 2380 388 2450; x_wconf 91' lang='lat' dir='ltr'>aditu,</span> <span class='ocrx_word' id='word_1_201' title='bbox 410 2381 551 2440; x_wconf 87' lang='lat' dir='ltr'>submissa</span> <span class='ocrx_word' id='word_1_202' title='bbox 571 2381 722 2456; x_wconf 88' lang='lat' dir='ltr'>quaedam,</span> <span class='ocrx_word' id='word_1_203' title='bbox 736 2390 766 2437; x_wconf 87' lang='lat' dir='ltr'>et</span> <span class='ocrx_word' id='word_1_204' title='bbox 785 2398 858 2456; x_wconf 88' lang='lat' dir='ltr'>quae</span> <span class='ocrx_word' id='word_1_205' title='bbox 880 2380 972 2458; x_wconf 89' lang='lat' dir='ltr'>planis</span> <span class='ocrx_word' id='word_1_206' title='bbox 985 2383 1064 2441; x_wconf 86' lang='lat' dir='ltr'>valli·</span> 
     </span>
     <span class='ocr_line' id='line_1_28' title="bbox 152 2457 1065 2536; baseline -0.001 -16"><span class='ocrx_word' id='word_1_207' title='bbox 152 2463 208 2520; x_wconf 87' lang='lat' dir='ltr'>bus&#39;</span> <span class='ocrx_word' id='word_1_208' title='bbox 228 2459 298 2518; x_wconf 92' lang='lat' dir='ltr'>adiri</span> <span class='ocrx_word' id='word_1_209' title='bbox 319 2462 446 2536; x_wconf 80' lang='lat' dir='ltr'>possent&gt;</span> <span class='ocrx_word' id='word_1_210' title='bbox 468 2471 499 2515; x_wconf 91' lang='lat' dir='ltr'>ut</span> <span class='ocrx_word' id='word_1_211' title='bbox 520 2457 623 2534; x_wconf 91' lang='lat' dir='ltr'>cuique</span> <span class='ocrx_word' id='word_1_212' title='bbox 642 2467 741 2534; x_wconf 88' lang='lat' dir='ltr'>aptum</span> <span class='ocrx_word' id='word_1_213' title='bbox 755 2458 846 2515; x_wconf 87' lang='lat' dir='ltr'>visum</span> <span class='ocrx_word' id='word_1_214' title='bbox 868 2473 912 2517; x_wconf 91' lang='lat' dir='ltr'>est</span> <span class='ocrx_word' id='word_1_215' title='bbox 933 2461 1006 2527; x_wconf 92' lang='lat' dir='ltr'>loco,</span> <span class='ocrx_word' id='word_1_216' title='bbox 1022 2460 1065 2519; x_wconf 89' lang='lat' dir='ltr'>ita</span> 
     </span>
     <span class='ocr_line' id='line_1_29' title="bbox 153 2534 1063 2615; baseline -0.004 -17"><span class='ocrx_word' id='word_1_217' title='bbox 153 2539 231 2598; x_wconf 90' lang='lat' dir='ltr'>omni</span> <span class='ocrx_word' id='word_1_218' title='bbox 255 2555 359 2615; x_wconf 84' lang='lat' dir='ltr'>genere</span> <span class='ocrx_word' id='word_1_219' title='bbox 378 2546 585 2596; x_wconf 87' lang='lat' dir='ltr'>tormentorum</span> <span class='ocrx_word' id='word_1_220' title='bbox 609 2534 751 2592; x_wconf 80' lang='lat' dir='ltr'>instruxit.</span> <span class='ocrx_word' id='word_1_221' title='bbox 792 2536 975 2594; x_wconf 86' lang='lat' dir='ltr'>Achradinae</span> <span class='ocrx_word' id='word_1_222' title='bbox 998 2555 1063 2594; x_wconf 91' lang='lat' dir='ltr'>mu·</span> 
     </span>
     <span class='ocr_line' id='line_1_30' title="bbox 152 2611 1063 2694; baseline 0.002 -22"><span class='ocrx_word' id='word_1_223' title='bbox 152 2635 225 2682; x_wconf 84' lang='lat' dir='ltr'>rum,</span> <span class='ocrx_word' id='word_1_224' title='bbox 240 2617 296 2692; x_wconf 92' lang='lat' dir='ltr'>qui,</span> <span class='ocrx_word' id='word_1_225' title='bbox 312 2626 344 2674; x_wconf 93' lang='lat' dir='ltr'>ut</span> <span class='ocrx_word' id='word_1_226' title='bbox 363 2621 431 2673; x_wconf 90' lang='lat' dir='ltr'>ante</span> <span class='ocrx_word' id='word_1_227' title='bbox 443 2615 554 2674; x_wconf 88' lang='lat' dir='ltr'>dictum</span> <span class='ocrx_word' id='word_1_228' title='bbox 573 2624 627 2682; x_wconf 88' lang='lat' dir='ltr'>cst,</span> <span class='ocrx_word' id='word_1_229' title='bbox 641 2611 711 2670; x_wconf 86' lang='lat' dir='ltr'>mari</span> <span class='ocrx_word' id='word_1_230' title='bbox 735 2611 859 2682; x_wconf 85' lang='lat' dir='ltr'>alluitur,</span> <span class='ocrx_word' id='word_1_231' title='bbox 874 2635 911 2672; x_wconf 88' lang='lat' dir='ltr'>ex</span> <span class='ocrx_word' id='word_1_232' title='bbox 923 2615 1063 2694; x_wconf 82' lang='lat' dir='ltr'>quinque-</span> 
     </span>
     <span class='ocr_line' id='line_1_31' title="bbox 152 2690 1062 2770; baseline 0.004 -22"><span class='ocrx_word' id='word_1_233' title='bbox 152 2691 278 2750; x_wconf 88' lang='lat' dir='ltr'>remibus</span> <span class='ocrx_word' id='word_1_234' title='bbox 313 2694 468 2754; x_wconf 86' lang='lat' dir='ltr'>Marcellus</span> <span class='ocrx_word' id='word_1_235' title='bbox 493 2694 688 2770; x_wconf 86' lang='lat' dir='ltr'>oppugnabat.</span> <span class='ocrx_word' id='word_1_236' title='bbox 741 2690 788 2748; x_wconf 83' lang='lat' dir='ltr'>Ex</span> <span class='ocrx_word' id='word_1_237' title='bbox 814 2693 916 2750; x_wconf 84' lang='lat' dir='ltr'>ceteris</span> <span class='ocrx_word' id='word_1_238' title='bbox 941 2694 1062 2752; x_wconf 88' lang='lat' dir='ltr'>navibus</span> 
     </span>
     <span class='ocr_line' id='line_1_32' title="bbox 153 2768 1061 2848; baseline 0.001 -21"><span class='ocrx_word' id='word_1_239' title='bbox 153 2768 289 2843; x_wconf 89' lang='lat' dir='ltr'>sagittarii</span> <span class='ocrx_word' id='word_1_240' title='bbox 311 2771 534 2848; x_wconf 81' lang='lat' dir='ltr'>funditoresque,</span> <span class='ocrx_word' id='word_1_241' title='bbox 549 2783 580 2830; x_wconf 92' lang='lat' dir='ltr'>et</span> <span class='ocrx_word' id='word_1_242' title='bbox 599 2770 698 2828; x_wconf 81' lang='lat' dir='ltr'>velites</span> <span class='ocrx_word' id='word_1_243' title='bbox 718 2769 813 2838; x_wconf 88' lang='lat' dir='ltr'>etiarn,</span> <span class='ocrx_word' id='word_1_244' title='bbox 828 2789 947 2845; x_wconf 89' lang='lat' dir='ltr'>quorum</span> <span class='ocrx_word' id='word_1_245' title='bbox 970 2771 1061 2828; x_wconf 88' lang='lat' dir='ltr'>telum</span> 
     </span>
     <span class='ocr_line' id='line_1_33' title="bbox 152 2844 1067 2924; baseline 0.004 -22"><span class='ocrx_word' id='word_1_246' title='bbox 152 2844 278 2904; x_wconf 87' lang='lat' dir='ltr'>inhabile</span> <span class='ocrx_word' id='word_1_247' title='bbox 300 2845 338 2900; x_wconf 90' lang='lat' dir='ltr'>ad</span> <span class='ocrx_word' id='word_1_248' title='bbox 361 2848 565 2906; x_wconf 90' lang='lat' dir='ltr'>remittendum</span> <span class='ocrx_word' id='word_1_249' title='bbox 591 2847 729 2922; x_wconf 87' lang='lat' dir='ltr'>imperitis</span> <span class='ocrx_word' id='word_1_250' title='bbox 755 2859 807 2914; x_wconf 89' lang='lat' dir='ltr'>est,</span> <span class='ocrx_word' id='word_1_251' title='bbox 832 2847 878 2903; x_wconf 86' lang='lat' dir='ltr'>vix</span> <span class='ocrx_word' id='word_1_252' title='bbox 897 2865 1067 2924; x_wconf 87' lang='lat' dir='ltr'>quenquam</span> 
     </span>
     <span class='ocr_line' id='line_1_34' title="bbox 153 2921 1063 3004; baseline 0.004 -22"><span class='ocrx_word' id='word_1_253' title='bbox 153 2923 213 2982; x_wconf 87' lang='lat' dir='ltr'>sine</span> <span class='ocrx_word' id='word_1_254' title='bbox 227 2921 343 2978; x_wconf 82' lang='lat' dir='ltr'>vulnere</span> <span class='ocrx_word' id='word_1_255' title='bbox 363 2923 519 2981; x_wconf 85' lang='lat' dir='ltr'>consistere</span> <span class='ocrx_word' id='word_1_256' title='bbox 539 2923 568 2980; x_wconf 91' lang='lat' dir='ltr'>in</span> <span class='ocrx_word' id='word_1_257' title='bbox 592 2941 673 2979; x_wconf 90' lang='lat' dir='ltr'>muro</span> <span class='ocrx_word' id='word_1_258' title='bbox 695 2925 883 3000; x_wconf 83' lang='lat' dir='ltr'>patiebantur.</span> <span class='ocrx_word' id='word_1_259' title='bbox 923 2923 975 2994; x_wconf 88' lang='lat' dir='ltr'>Hi,</span> <span class='ocrx_word' id='word_1_260' title='bbox 992 2925 1063 3004; x_wconf 80' lang='lat' dir='ltr'>qiua</span> 
     </span>
     <span class='ocr_line' id='line_1_35' title="bbox 153 2996 1061 3080; baseline 0.001 -19"><span class='ocrx_word' id='word_1_261' title='bbox 153 2999 245 3080; x_wconf 89' lang='lat' dir='ltr'>spatio</span> <span class='ocrx_word' id='word_1_262' title='bbox 267 2996 419 3057; x_wconf 85' lang='lat' dir='ltr'>missilibus</span> <span class='ocrx_word' id='word_1_263' title='bbox 432 3019 505 3076; x_wconf 91' lang='lat' dir='ltr'>opus</span> <span class='ocrx_word' id='word_1_264' title='bbox 525 3011 578 3069; x_wconf 87' lang='lat' dir='ltr'>est,</span> <span class='ocrx_word' id='word_1_265' title='bbox 592 3000 692 3076; x_wconf 92' lang='lat' dir='ltr'>procul</span> <span class='ocrx_word' id='word_1_266' title='bbox 712 3020 793 3062; x_wconf 90' lang='lat' dir='ltr'>muro</span> <span class='ocrx_word' id='word_1_267' title='bbox 814 3002 950 3061; x_wconf 90' lang='lat' dir='ltr'>tenebant</span> <span class='ocrx_word' id='word_1_268' title='bbox 964 3019 1061 3062; x_wconf 87' lang='lat' dir='ltr'>naves.</span> 
     </span>
     <span class='ocr_line' id='line_1_36' title="bbox 151 3076 1061 3158; baseline 0.001 -20"><span class='ocrx_word' id='word_1_269' title='bbox 151 3083 267 3157; x_wconf 87' lang='lat' dir='ltr'>junctae</span> <span class='ocrx_word' id='word_1_270' title='bbox 291 3076 362 3134; x_wconf 88' lang='lat' dir='ltr'>aliae</span> <span class='ocrx_word' id='word_1_271' title='bbox 383 3076 468 3138; x_wconf 89' lang='lat' dir='ltr'>binae</span> <span class='ocrx_word' id='word_1_272' title='bbox 482 3078 519 3137; x_wconf 91' lang='lat' dir='ltr'>ad</span> <span class='ocrx_word' id='word_1_273' title='bbox 533 3078 758 3157; x_wconf 87' lang='lat' dir='ltr'>quinqueremes,</span> <span class='ocrx_word' id='word_1_274' title='bbox 781 3080 904 3158; x_wconf 86' lang='lat' dir='ltr'>demptis</span> <span class='ocrx_word' id='word_1_275' title='bbox 923 3081 1061 3139; x_wconf 89' lang='lat' dir='ltr'>interiori·</span> 
     </span>
     <span class='ocr_line' id='line_1_37' title="bbox 153 3153 1061 3234; baseline 0.003 -18"><span class='ocrx_word' id='word_1_276' title='bbox 153 3162 208 3219; x_wconf 91' lang='lat' dir='ltr'>bus</span> <span class='ocrx_word' id='word_1_277' title='bbox 230 3155 323 3223; x_wconf 87' lang='lat' dir='ltr'>remis,</span> <span class='ocrx_word' id='word_1_278' title='bbox 338 3165 370 3214; x_wconf 90' lang='lat' dir='ltr'>ut</span> <span class='ocrx_word' id='word_1_279' title='bbox 390 3153 465 3214; x_wconf 87' lang='lat' dir='ltr'>latus</span> <span class='ocrx_word' id='word_1_280' title='bbox 488 3153 569 3216; x_wconf 76' lang='lat' dir='ltr'>lat&#39;eri</span> <span class='ocrx_word' id='word_1_281' title='bbox 589 3157 787 3234; x_wconf 87' lang='lat' dir='ltr'>applicaretur,</span> <span class='ocrx_word' id='word_1_282' title='bbox 812 3177 900 3234; x_wconf 89' lang='lat' dir='ltr'>quum</span> <span class='ocrx_word' id='word_1_283' title='bbox 919 3160 1061 3219; x_wconf 86' lang='lat' dir='ltr'>exteriore</span> 
     </span>
     <span class='ocr_line' id='line_1_38' title="bbox 153 3234 1061 3312; baseline 0.003 -18"><span class='ocrx_word' id='word_1_284' title='bbox 153 3235 252 3294; x_wconf 89' lang='lat' dir='ltr'>ordine</span> <span class='ocrx_word' id='word_1_285' title='bbox 271 3251 416 3292; x_wconf 86' lang='lat' dir='ltr'>remomm</span> <span class='ocrx_word' id='word_1_286' title='bbox 436 3234 514 3292; x_wconf 82' lang='lat' dir='ltr'>velut</span> <span class='ocrx_word' id='word_1_287' title='bbox 533 3253 620 3294; x_wconf 85' lang='lat' dir='ltr'>naves</span> <span class='ocrx_word' id='word_1_288' title='bbox 641 3248 801 3312; x_wconf 86' lang='lat' dir='ltr'>agerentur,</span> <span class='ocrx_word' id='word_1_289' title='bbox 815 3247 907 3292; x_wconf 87' lang='lat' dir='ltr'>turres</span> <span class='ocrx_word' id='word_1_290' title='bbox 920 3241 1061 3297; x_wconf 88' lang='lat' dir='ltr'>contabu-</span> 
     </span>
    </p>
   </div>
   <div class='ocr_carea' id='block_1_3' title="bbox 152 3311 1154 3391">
    <p class='ocr_par' dir='ltr' id='par_1_3' title="bbox 152 3311 1154 3391">
     <span class='ocr_line' id='line_1_39' title="bbox 152 3311 1154 3391; baseline 0.006 -23"><span class='ocrx_word' id='word_1_291' title='bbox 152 3313 226 3372; x_wconf 85' lang='lat' dir='ltr'>latas</span> <span class='ocrx_word' id='word_1_292' title='bbox 250 3311 536 3388; x_wconf 87' lang='lat' dir='ltr'>machinamentaque</span> <span class='ocrx_word' id='word_1_293' title='bbox 555 3312 611 3369; x_wconf 87' lang='lat' dir='ltr'>alia</span> <span class='ocrx_word' id='word_1_294' title='bbox 624 3312 783 3389; x_wconf 86' lang='lat' dir='ltr'>quatiendis</span> <span class='ocrx_word' id='word_1_295' title='bbox 797 3313 884 3370; x_wconf 88' lang='lat' dir='ltr'>muris</span> <span class='ocrx_word' id='word_1_296' title='bbox 898 3317 1060 3391; x_wconf 87' lang='lat' dir='ltr'>portabant.</span> <span class='ocrx_word' id='word_1_297' title='bbox 1151 3349 1154 3356; x_wconf 91' lang='lat'>.</span> 
     </span>
    </p>
   </div>
   <div class='ocr_carea' id='block_1_4' title="bbox 153 3390 1065 3624">
    <p class='ocr_par' dir='ltr' id='par_1_4' title="bbox 153 3390 1065 3624">
     <span class='ocr_line' id='line_1_40' title="bbox 157 3390 1059 3466; baseline 0.008 -21"><span class='ocrx_word' id='word_1_298' title='bbox 157 3390 302 3448; x_wconf 81' lang='lat' dir='ltr'>Adversus</span> <span class='ocrx_word' id='word_1_299' title='bbox 321 3390 399 3448; x_wconf 90' lang='lat' dir='ltr'>huuc</span> <span class='ocrx_word' id='word_1_300' title='bbox 422 3391 551 3448; x_wconf 75' lang='lat' dir='ltr'>navdem</span> <span class='ocrx_word' id='word_1_301' title='bbox 570 3401 737 3466; x_wconf 88' lang='lat' dir='ltr'>apparatum</span> <span class='ocrx_word' id='word_1_302' title='bbox 760 3391 947 3451; x_wconf 84' lang='lat' dir='ltr'>Archimedes</span> <span class='ocrx_word' id='word_1_303' title='bbox 966 3393 1059 3452; x_wconf 76' lang='lat' dir='ltr'>redae</span> 
     </span>
     <span class='ocr_line' id='line_1_41' title="bbox 154 3466 1058 3545; baseline 0.007 -23"><span class='ocrx_word' id='word_1_304' title='bbox 154 3466 517 3538; x_wconf 76' lang='lat' dir='ltr'>magnitudinis&#39;tormenta</span> <span class='ocrx_word' id='word_1_305' title='bbox 538 3467 567 3524; x_wconf 91' lang='lat' dir='ltr'>iu</span> <span class='ocrx_word' id='word_1_306' title='bbox 591 3467 677 3524; x_wconf 87' lang='lat' dir='ltr'>muris</span> <span class='ocrx_word' id='word_1_307' title='bbox 697 3467 845 3544; x_wconf 76' lang='lat' dir='ltr'>disposuit</span> <span class='ocrx_word' id='word_1_308' title='bbox 865 3471 893 3528; x_wconf 94' lang='lat' dir='ltr'>in</span> <span class='ocrx_word' id='word_1_309' title='bbox 914 3489 970 3538; x_wconf 87' lang='lat' dir='ltr'>eas,</span> <span class='ocrx_word' id='word_1_310' title='bbox 985 3486 1058 3545; x_wconf 83' lang='lat' dir='ltr'>quae</span> 
     </span>
     <span class='ocr_line' id='line_1_42' title="bbox 153 3540 1065 3624; baseline 0.014 -29"><span class='ocrx_word' id='word_1_311' title='bbox 153 3540 252 3596; x_wconf 76' lang='lat' dir='ltr'>omont</span> <span class='ocrx_word' id='word_1_312' title='bbox 279 3557 370 3622; x_wconf 73' lang='lat' dir='ltr'>erent,</span> <span class='ocrx_word' id='word_1_313' title='bbox 394 3566 481 3612; x_wconf 82' lang='lat' dir='ltr'>naves</span> <span class='ocrx_word' id='word_1_314' title='bbox 508 3563 577 3611; x_wconf 84' lang='lat' dir='ltr'>saxa</span> <span class='ocrx_word' id='word_1_315' title='bbox 602 3542 711 3620; x_wconf 88' lang='lat' dir='ltr'>ingenti</span> <span class='ocrx_word' id='word_1_316' title='bbox 735 3547 864 3620; x_wconf 86' lang='lat' dir='ltr'>pondere</span> <span class='ocrx_word' id='word_1_317' title='bbox 891 3547 1040 3610; x_wconf 85' lang='lat' dir='ltr'>emittebat</span> <span class='ocrx_word' id='word_1_318' title='bbox 1050 3571 1065 3624; x_wconf 76' lang='lat' dir='ltr'>t</span> 
     </span>
    </p>
   </div>
   <div class='ocr_carea' id='block_1_5' title="bbox 0 0 1208 3932">
    <p class='ocr_par' dir='ltr' id='par_1_5' title="bbox 0 0 1208 3932">
     <span class='ocr_line' id='line_1_43' title="bbox 0 0 1208 3932; baseline 0 2"><span class='ocrx_word' id='word_1_319' title='bbox 0 0 1208 3932; x_wconf 95' lang='lat' dir='ltr'> </span> 
     </span>
    </p>
   </div>
  </div>
 </body>
</html>
