2386 3930
157 221 216 284 984
368 232 521 281 nornine
542 237 578 279 m
598 237 727 281 uranum
746 237 823 279 xxvi.

158 387 177 418 ⁴⁸
191 377 235 446 lle,
254 383 349 448 armis,
368 385 465 459 grauis
485 377 610 436 hostium
630 379 739 448 classis,
761 385 791 440 e't
811 379 894 438 in‘ea
914 379 995 458 quasi
1009 391 1073 441 tola
1175 441 1176 444 ,

90 469 94 474 “
158 457 353 530 “Carthagor
382 456 457 534 quod
481 456 575 532 ipsum
599 457 687 515 exitio
711 458 775 517 fuit.
816 459 949 516 Romana
970 460 1071 520 classis
1175 483 1176 492 ¹

158 545 177 576 rr
186 545 329 669 prompto,
344 535 420 601 leuis,
436 535 575 614 expedite,
593 548 621 594 et
636 537 761 613 quodam
776 557 881 615 genere
894 537 1071 610 cestrensis?

157 613 251 672 Fton.
293 614 330 672 ib.
346 614 368 670 1.
382 632 408 670 c.
422 617 467 670 2(
492 613 558 672 Vid.
578 615 664 672 eliam
687 615 788 694 Polyb.
803 615 869 674 Lib.
880 617 903 673 1.
918 635 942 674 c.
955 621 1003 682 60,
1018 620 1073 676 61.

155 693 312 766 -Allegat
334 691 449 767 quidem
468 689 551 749 idem
564 692 607 749 vir
627 693 730 752 doctus
753 695 841 752 alium
862 695 935 750 Livii
953 693 1069 752 lucum:

159 770 233 838 Quia
254 769 405 827 multitudo
424 791 477 828 sua
497 773 694 830 commeatibus
703 776 813 852 grauis.
835 771 869 829 L.
890 773 958 829 Vll.
977 791 1004 829 e.
1020 775 1069 834 37.

155 852 197 907 At
211 849 407 906 commeatibus
417 849 518 924 gravis
538 849 596 907 illic
611 851 694 926 longe
707 851 885 910 alienatione
899 852 1008 909 dictum
1023 861 1069 908 est

152 945 296 1003 -nempe
308 945 381 1003 quae
393 927 480 1008 No'neri
496 941 572 986 esset
593 930 810 996 comureatibus,
825 928 844 986 i.
857 949 882 987 e.
896 949 970 1006 quae
984 927 1067 986 nimi-

151 1023 198 1066 am
220 1019 433 1063 commeatuum
457 1007 569 1081 copiam
590 1009 769 1075 absumeret3
790 1021 822 1065 ut
844 1008 919 1069 bene
940 1006 1067 1066 Crevier.

190 1088 238 1142 21.
278 1083 434 1141 xviii.
478 1085 585 1143 Come
622 1085 705 1143 editis
723 1085 872 1165 equitibus.
914 1086 1068 1143 Nostrates

151 1161 369 1239 vocant-light
383 1161 507 1243 cavalry.
548 1163 581 1220 ln
606 1163 674 1220 ibris
694 1164 864 1240 quibusdam
879 1177 923 1222 est
936 1185 999 1222 cnm
1019 1183 1068 1222 ea-

48 1305 50 1318 χ
145 1241 252 1322 pcdicis
265 1241 466 1320 equitibusque.
507 1241 565 1298 Sed
585 1241 640 1298 vid.
661 1241 733 1298 infra
746 1261 772 1300 c.
789 1248 836 1304 55.
850 1243 901 1302 ubi
915 1243 1003 1302 etiam
1018 1259 1068 1300 ea·

151 1319 217 1378 dem
232 1319 340 1377 locutio
354 1318 484 1377 occurrit.
915 1325 921 1336 ·
936 1337 938 1344 ·

189 1401 237 1454 22.
278 1397 375 1453 XVll.
396 1414 483 1474 prope
508 1393 604 1451 finem.
632 1394 775 1452 'Ceterum
796 1417 860 1462 ricc,
886 1407 1008 1474 arquato
1029 1398 1069 1456 n·-

149 1495 234 1543 more,
249 1484 363 1532 nclrtros
372 1494 499 1554 pugnum
514 1472 677 1552 incipientes
687 1472 725 1529 od
737 1471 821 1530 lucent
835 1474 933 1530 lenuit.
976 1475 1067 1532 Haec

148 1573 206 1612 non
227 1554 295 1610 satis
316 1553 509 1627 intelligimus,
532 1553 584 1609 nisi
606 1550 823 1609 sententiosis:
844 1551 886 1607 ita
904 1551 1008 1618 tenuit,
1030 1564 1066 1612 ut

149 1630 242 1690 neutri
270 1631 307 1688 ad
335 1629 429 1688 lucem
457 1649 548 1706 usque
572 1648 697 1706 pugnem
722 1629 890 1706 inciperent.
930 1627 1064 1690 Neutros

143 1729 273 1790 pugnam
287 1708 452 1786 incipientes
470 1707 677 1764 tenuit-idem
692 1707 787 1765 valere
806 1707 918 1765 videtur
936 1719 1065 1783 atque--

137 1805 304 1864 *uanosque
313 1803 441 1863 pugnam
456 1801 520 1839 nov
540 1785 705 1861 incipientes
717 1786 818 1858 lenuit,
832 1787 850 1843 i.
865 1805 891 1844 e.
904 1803 921 1841 a
934 1803 1064 1861 pugnam

143 1863 315 1940 incipiendo.
358 1861 388 1918 F.
410 1862 448 1918 G.
468 1861 607 1938 Doering‚
620 1877 624 1900 l
636 1863 786 1940 DuJ'atium
800 1895 802 1902 ·
814 1877 939 1930 secutus,
967 1865 1069 1939 longes

146 1942 228 2000 aliter
241 1941 461 2016 interpretatur:
483 1948 501 1975 “
521 1939 625 1998 Tenuit
642 1943 694 1998 scil
715 1942 743 1998 in
757 1961 863 2019 pugna,
885 1961 969 2018 quem
984 1942 1063 2000 ince-

147 2027 167 2060 “
199 2031 289 2078 erant.
331 2018 484 2093 Fugientes
504 2017 637 2075 nimirum
659 2039 760 2078 manus
780 2020 895 2097 quidem
918 2037 984 2077 euru
1004 2020 1061 2078 levi

148 2105 166 2136 ‘⁶
179 2039 304 2154 iiostium
319 2107 464 2154 armatura
478 2115 630 2156 conserere
641 2097 820 2175 inceperant3
844 2099 905 2166 sed,
920 2118 986 2156 cum
1001 2117 1061 2155 nox

105 2173 106 2176 ’
148 2184 167 2224 “
180 2177 313 2234 timorem
340 2189 485 2253 aequaret,
513 2177 606 2234 neutri
627 2177 664 2235 ad
684 2178 779 2235 lucem
800 2195 891 2253 usque
911 2176 939 2232 in
962 2194 1062 2252 pugna

149 2264 166 2294 ‘⁶
181 2253 425 2332 perseverarunt!

185 2338 234 2392 23.
274 2333 377 2390 XVlll
398 2331 465 2393 1.’7.
501 2332 694 2405 ‚Pervenisse
734 2328 896 2388 Gronovius
917 2331 994 2407 conj.
1014 2351 1063 2389 sa·

143 2412 326 2493 peruenisset,
341 2411 477 2488 Dujatius
487 2410 686 2489 praeuenisset.
1059 2445 1062 2450 Δ

186 2491 262 2549 Ibid.
275 2491 294 2548 l.
318 2496 362 2548 18.
402 2488 483 2547 Libri
503 2489 598 2565 plures
618 2500 647 2545 et
666 2486 800 2546 meliores
813 2487 857 2545 vel
878 2487 991 2553 medios,
1012 2487 1060 2545 vel
1093 2543 1095 2548 .

55 2605 57 2609 ,
146 2570 263 2628 medias.
304 2569 453 2627 Editiones
467 2563 577 2646 priscae
590 2566 697 2638 mediis,
712 2567 789 2645 quod
804 2566 921 2625 Crevier
933 2577 963 2624 et
978 2565 1061 2625 llud·

147 2647 215 2705 dim.
230 2647 363 2706 retinent.
660 2646 689 2711 ¹.
796 2657 799 2666 ’

149 2751 152 2758 ¹
185 2729 233 2783 24.
274 2725 356 2782 XIX.
370 2725 389 2782 l.
410 2729 458 2784 225.
498 2723 634 2782 Nondum
656 2724 846 2803 aperientibus
859 2722 972 2781 classem
988 2741 1058 2800 pro-

145 2803 301 2860 montoriis.
322 2804 349 2860 id
375 2816 428 2870 est,
443 2803 538 2861 adhuc
562 2803 766 2878 obtegenribus
786 2803 905 2859 classem
925 2819 1058 2874 promon-

144 2877 231 2940 toriis.
272 2880 476 2938 Promontorio
490 2882 623 2956 raynerium
633 2881 764 2944 classem,
779 2879 828 2934 ubi
842 2877 949 2944 elassis,
969 2877 1058 2936 inter·

146 2958 241 3038 positu
254 2953 462 3030 interjectuque
482 2957 675 3031 eorumprius
693 2954 847 3026 occultata,
868 2954 896 3010 in
917 2973 1057 3030 conspec-

73 3055 78 3059 ”
145 3043 208 3098 ium
228 3034 313 3093 venit.
355 3032 385 3088 F.
406 3033 444 3089 G.
464 3031 594 3110 Doering
614 3033 708 3090 minus
728 3046 824 3090 recte:
847 3041 864 3070 “
876 3031 941 3090 Nec
960 3034 1056 3093 adhue

145 3125 167 3154 “
179 3115 296 3174 detecta
310 3111 399 3170 classe
413 3111 441 3168 in
457 3113 664 3188 promontoriis.
706 3110 903 3170 I'romontorie
924 3112 1056 3190 aperiunt

144 3203 164 3240 ⁴⁸
177 3195 306 3257 classem,
322 3190 434 3268 quando
449 3189 497 3247 ille
510 3209 547 3247 ex
560 3191 594 3248 iis
608 3202 703 3268 potest
721 3190 875 3268 conspici.”

182 3276 231 3332 25.
271 3269 337 3326 XX.
357 3287 445 3347 prope
464 3263 561 3326 finem.
605 3269 951 3338 Qntlterumtncotunt.
979 3269 1055 3329 Gru*

110 3351 111 3354 ’
143 3349 245 3409 mvius
259 3349 396 3426 corrj.qui
416 3347 455 3406 cis
469 3348 582 3406 Iberum
603 3348 737 3412 incolunt,
753 3347 796 3405 vel
812 3349 862 3427 qni
881 3343 994 3406 Iber-aria
1008 3369 1054 3408 oc⁴

144 3427 247 3498 wlunt,
261 3423 403 3505 probante
423 3426 545 3487 Crevier.
587 3425 824 3486 Drakenborchio
844 3427 920 3504 prior
939 3429 1052 3507 oouJ'ee·
1146 3441 1149 3444 ·
