2534 4010
213 215 261 274 ,eo
530 221 545 270 ,·
572 207 608 267 n.
635 163 775 268 n1vi1

222 377 296 435 rant,
311 373 474 424 ant'oontra
492 363 643 433 enitentes,
663 363 771 426 vortice
793 362 899 432 intorti,
920 365 1129 446 affligebantur,

224 443 394 504 constitere:
422 443 498 512 dein,
523 461 610 519 quum
634 444 695 517 jam
722 440 851 518 spiritum
877 443 1046 514 includeret,
1074 465 1129 504 nec

221 519 399 596 reciprocare
425 521 549 580 animam
570 519 684 588 sineret,
709 519 799 577 aversi
820 538 838 577 a
858 533 953 591 vento,
973 542 1128 601 parumper

222 597 388 658 consedere.
430 598 595 656 Tum'vero
621 596 731 674 ingenti
757 617 828 656 sono
854 599 966 659 coelum
990 612 1127 677 strepere,

221 685 251 734 et
264 676 339 734 inter
352 676 509 736 horrendos
528 674 655 751 fragores
678 674 783 734 micare
804 675 894 750 ignes.
914 677 990 754 capti
1009 677 1128 736 auribus

220 764 250 811 et
263 752 354 812 oculis
372 766 452 812 metu
472 771 572 812 omnes
592 761 714 830 torpere.
755 751 895 826 Tandem,
916 755 1006 814 effuso
1025 755 1127 823 imbre,

219 849 308 966 guum
332 851 367 890 eo
391 831 482 908 magis
501 849 624 892 accensa
644 831 684 888 vis
707 829 784 887 venti
804 842 889 903 esset,
910 832 972 910 ipso
991 833 1048 904 illo,
1070 852 1128 909 quo

240 908 390 987 eprehensi
404 921 493 978 erant,
508 909 573 968 loco
587 919 680 966 casua
699 925 806 984 ponere
824 911 1017 970 necessarium
1037 912 1129 969 visum

218 998 272 1045 est.
312 987 348 1044 Id
360 1007 427 1046 vero
441 987 546 1048 laboris
565 985 644 1044 velut
657 985 694 1044 de
714 984 826 1062 integro
845 987 957 1047 initium
978 987 1041 1047 fuit.
1060 1006 1127 1046 nam

217 1083 274 1123 nec
297 1065 440 1142 explicare
464 1064 625 1141 quicquam,
649 1082 704 1122 nec
728 1073 863 1134 statuere,
887 1077 1038 1141 poterant:
1062 1085 1127 1132 nec,

218 1143 296 1219 qnod
309 1153 448 1201 statutum
462 1153 549 1211 esset,
562 1141 707 1211 manebat,
729 1141 825 1200 omnia
842 1142 1042 1219 perscindente
1059 1144 1129 1200 ven-

217 1231 252 1278 to
266 1231 295 1278 et
308 1219 445 1296 rapiente,
466 1231 497 1278 et
515 1238 583 1277 mox
603 1236 679 1297 aqua
701 1219 796 1279 levata
815 1234 911 1291 vento,
933 1239 1020 1297 quum
1041 1240 1129 1297 super

213 1295 315 1372 gelida
337 1295 477 1354 montium
503 1300 574 1373 juga
596 1307 732 1356 concreta
758 1310 844 1367 esset,
872 1309 985 1358 tantum
1011 1298 1127 1356 nivosae

219 1372 366 1452 grandinis
394 1373 508 1450 dejecit,
535 1385 577 1446 ut,
605 1374 737 1434 omnibus
763 1376 884 1446 omissis,
905 1379 1127 1452 procumberent

218 1449 360 1521 homines,
375 1452 549 1528 tegminibus
563 1454 621 1512 suis
635 1451 725 1529 magis
738 1452 842 1520 obmti,
858 1471 942 1528 quam
956 1455 1043 1512 tecti.
1063 1465 1127 1510 tan·

217 1541 306 1606 taque
319 1530 361 1588 vis
374 1530 484 1607 frigoris
498 1531 629 1592 insecuta
641 1541 695 1599 est,
709 1541 750 1598 ut,
772 1550 809 1588 ex
830 1529 878 1589 illa
902 1530 1054 1589 miserabili
1074 1531 1128 1586 ho·

183 1677 187 1684 .
214 1607 324 1666 minum
346 1611 598 1688 jumentorumque
621 1620 718 1700 strage
736 1629 824 1688 quum
845 1629 876 1668 se
901 1609 1018 1687 quisque
1040 1608 1126 1666 attol-

216 1685 276 1745 lere
290 1705 325 1745 ac
338 1688 432 1748 levare
450 1687 545 1756 vellet,
564 1689 613 1745 diu
633 1702 772 1761 nequiret,
794 1687 868 1761 quia,
890 1687 1069 1761 torpentibus
1090 1684 1125 1743 ri·
1222 1735 1223 1750 ,

215 1784 285 1840 gore
299 1768 400 1834 nervis,
415 1765 462 1822 vix
479 1765 596 1819 flectere
615 1774 694 1818 artus
714 1773 856 1835 poterant.
877 1762 991 1831 deinde,
1011 1775 1043 1820 ut
1064 1775 1128 1820 tan·

216 1844 282 1900 dem
297 1841 431 1916 agitando
445 1856 508 1896 sese
521 1837 648 1903 movere,
662 1853 698 1892 ac
711 1854 846 1912 recepere
866 1839 986 1908 animos,
1008 1849 1037 1896 et
1056 1839 1128 1898 raris
1222 1873 1223 1894 .

215 1918 286 1974 locis
309 1917 382 1990 ignis
402 1913 462 1971 fieri
483 1923 526 1970 est
550 1921 681 1991 coeptus,
700 1913 738 1971 ad
758 1913 880 1973 alienam
897 1935 985 1992 ¹opem
1006 1915 1126 1994 quisque

215 1996 298 2070 inops
311 1990 438 2049 tendere.
478 1989 604 2049 Biduum
624 2011 659 2050 eo
679 1991 754 2062 loco,
774 1992 853 2053 velut
876 1994 994 2066 obsessi,
1015 2012 1127 2052 manse-

217 2091 258 2130 re.
272 2068 354 2126 multi
367 2067 507 2137 homines,
521 2069 612 2129 multa
629 2072 770 2148 jumenta,
782 2071 935 2151 ,elephanti
955 2090 1069 2150 quoque
1089 2090 1127 2129 ex

215 2147 270 2282 hlip,
284 2146 331 2224 qui
346 2146 454 2224 proelio
472 2146 510 2205 ad
530 2147 665 2208 Trebiam
684 2149 763 2210 facto
787 2151 994 2227 superfuerant,
1015 2160 1127 2224 septem

216 2243 233 2281 a
255 2244 317 2284 sum
339 2225 370 2284 ti.

257 2246 338 2360 LIXP.
377 2303 566 2362 Daoaassus
593 2304 755 2378 Apennino,
780 2315 855 2362 retro
882 2303 920 2363 ad
947 2303 1127 2364 Placentiam

219 2394 314 2440 castra
327 2381 424 2448 movit,
445 2391 484 2449 et,
505 2380 544 2438 ad
563 2381 664 2440 decem
683 2381 771 2440 millia
790 2401 966 2458 progressus,
988 2382 1128 2442 consedit.

219 2473 334 2540 postero
347 2458 395 2517 die
409 2457 561 2518 duodecim
578 2459 666 2518 millia
685 2460 823 2537 peditum,
845 2460 970 2537 quinque
983 2461 1127 2537 equitum,
1220 2489 1221 2512 r

218 2540 355 2600 adversus
378 2536 491 2596 hostem
515 2536 604 2601 ducit.
645 2538 708 2595 Nec
732 2539 915 2616 Sempronius
936 2537 1036 2606 consul
1056 2538 1127 2614 (jam

219 2619 295 2675 enim
323 2617 446 2676 redierat
473 2617 510 2674 ab
535 2615 640 2694 Roma)
661 2615 831 2676 detrectavit
851 2628 1015 2676 certamen:
1042 2628 1128 2692 atque

219 2712 255 2750 eo
269 2695 315 2750 die
330 2695 383 2753 tria
397 2695 484 2753 millia
497 2713 632 2772 passuum
647 2695 721 2754 inter
733 2696 801 2754 bina
814 2706 909 2754 castra
927 2695 1018 2754 fuere.
1057 2693 1128 2751 Pos-

219 2781 282 2828 tero
296 2770 343 2826 die
356 2771 521 2846 ingentibus
534 2775 643 2839 animis,
659 2774 736 2831 vario
757 2782 870 2842 eventu,
891 2785 1050 2847 pugnatum
1074 2783 1129 2829 est.

218 2847 310 2922 primo
324 2865 465 2903 concursu
478 2848 551 2904 adeo
571 2866 617 2904 res
637 2848 769 2902 Romana
788 2845 917 2922 superior
934 2847 997 2914 fuit,
1019 2857 1129 2906 utnon

220 2924 283 2982 acie
296 2923 443 2982 vincerent
456 2923 558 2991 solum,
573 2923 624 2980 sed
636 2922 734 2999 pulsos
753 2922 851 2979 hostes
870 2922 899 2978 in
919 2937 1013 2982 castra
1032 2941 1129 3000 perse-

155 3059 167 3074 ,
222 3011 396 3079 querentem
414 3019 483 3059 mox
506 3010 600 3060 castra
623 3019 737 3077 quoque
757 3013 964 3078 oppugnarent.
1015 2999 1128 3062 Hanni-

221 3079 279 3150 bal,
302 3079 401 3157 paucis
412 3079 679 3213 propugnatoribus
702 3077 731 3134 in
755 3079 829 3136 vallo
853 3078 998 3169 portisque
1019 3080 1126 3157 positis,

222 3168 335 3218 ceteros
356 3169 410 3217 con
424 3168 500 3216 ertos
523 3157 552 3214 in
579 3157 673 3216 media
696 3168 790 3215 castra
810 3157 925 3235 recepit,
946 3168 1128 3236 intentosque

220 3237 336 3313 signum
349 3236 387 3294 ad
400 3236 607 3313 erumpendum
621 3245 751 3313 spectare
767 3237 859 3312 jubet.
898 3235 966 3294 Jam
984 3256 1061 3296 nona
1073 3238 1127 3294 fer·

222 3335 270 3375 me
283 3315 340 3375 diei
352 3314 423 3374 hora
442 3327 511 3384 erat,
533 3333 621 3392 quum
642 3313 800 3384 Romanus,
819 3313 1009 3392 nequicquam
1028 3314 1128 3390 fatiga·

222 3405 254 3453 to
280 3395 379 3465 milite,
406 3406 557 3486 postquam
584 3392 664 3453 nulla
690 3411 756 3471 spes
783 3402 844 3452 erat
869 3393 999 3471 potiundi
1019 3392 1128 3462 castris,

222 3471 334 3548 tignum
361 3485 489 3555 receptur
512 3471 600 3534 dedit.
641 3471 729 3538 Quod
755 3471 805 3532 ubi
832 3471 978 3552 Hannibal
1005 3470 1131 3546 accepit,
