2534 4010
477 219 639 285 traua
665 219 764 282 xxti.
1036 225 1088 292 872·

165 375 239 450 ticin
254 393 321 439 euna
331 375 453 454 priraum
468 395 497 436 a..
508 379 628 456 populo,
638 389 767 442 tractum
780 375 954 438 dictatorern
968 373 1074 438 scribit.

171 455 273 524 Sed-et
288 455 415 526 Coelium
430 465 460 514 et
480 469 590 516 ceteros
603 457 684 534 fugit,
711 456 759 516 uni
782 452 893 512 consuli
914 453 967 512 Cn.
983 451 1077 512 Servi·

169 531 216 600 lto,
232 532 278 609 qui
291 545 352 592 tum
363 532 466 610 procul
490 531 519 590 in
541 533 636 590 Gallia
649 532 794 610 provincia
818 532 928 599 aberat,
939 535 986 608 jus
1005 529 1076 590 fuis·

164 609 325 670 radicandi
340 609 504 670 dictatoris:
525 627 610 685 quam
624 627 732 668 moram
752 608 819 686 quia
838 623 1004 687 exspectare
1018 620 1075 668 ter-

168 686 224 748 rita
239 691 300 765 jam
323 688 406 746 clade
430 686 528 746 civitae
552 705 610 744 non
633 698 754 762 poterat,
774 707 811 746 eo
834 687 986 748 decursum
1000 707 1079 758 esse,

168 775 200 824 ut
213 784 231 824 a
245 765 354 843 populo
368 773 520 834 crearetur,
536 763 586 846 qui¹
598 781 649 840 pro
661 763 801 822 dictatore
815 778 908 825 esset:
941 785 986 826 res
1006 765 1075 826 inde
1154 829 1165 838 ‚

165 853 265 919 gestas
284 842 460 918 gloriamque
484 843 626 918 insignem
650 841 745 910 ducis,
765 854 794 900 et
808 857 945 920 augentes
959 845 1075 906 titulum

166 919 299 995 imaginis
307 931 451 996 posteros,
470 931 513 988 ut,
530 920 583 998 qui
604 939 657 999 pro
671 919 831 990 dictatore,
850 921 972 982 dictator
995 922 1074 998 dice-

166 1007 254 1064 retur,
268 995 352 1056 facile
367 997 533 1056 obtinuisse.

170 1106 177 1124 ι
207 1061 334 1132 XXXll.
354 1074 532 1144 Couauuas,
556 1075 663 1134 Atilius
687 1076 822 1144 Fabiano,
848 1036 1077 1146 GeminusSeri
1119 1085 1124 1090 ’

166 1151 249 1210 vilius
270 1153 443 1213 *Minuciano
467 1153 594 1212 exercitu
616 1169 745 1231 accepto,
770 1153 963 1213 hibernaculis
983 1166 1079 1219 matu-t

82 1265 88 1272 ι
166 1248 198 1288 re
212 1230 403 1297 communitis,
427 1234 599 1305 (extremum
622 1231 751 1292 autumni
765 1233 838 1308 erat)
863 1230 943 1290 Fabii
965 1232 1078 1292 artibus

166 1324 236 1366 eum
249 1327 361 1376 summa
374 1309 447 1366 latter
460 1328 492 1370 aa
506 1309 660 1372 concordia
678 1309 785 1369 bellurn
806 1319 965 1385 gesserunt.
1005 1309 1077 1376 Fru-

167 1393 329 1446 m'entatum
350 1387 466 1446 exeunt-i
494 1387 654 1448 Hannibali
667 1386 799 1446 ‚diversis
829 1385 901 1444 locis
918 1387 1075 1464 opportuni

165 1462 296 1534 aderant,
323 1473 473 1541 carpentes
487 1485 610 1542 agmen,
633 1465 802 1542 palatosque
823 1463 999 1540 excipientes
1008 1489 1019 1532 ;Ι
1045 1465 1076 1530 in

165 1558 269 1600 tratum¹
294 1542 441 1602 universae
465 1541 686 1611 dimicationis„
748 1562 777 1598 m
805 1541 937 1600 omnibus
966 1543 1075 1603 artibus

124 1611 284 1694 petebat
298 1618 399 1686 bostis,
420 1635 478 1693 non
491 1618 656 1678 veniebant.
674 1637 691 1676 a
711 1637 803 1696 eoque
817 1619 914 1696 inopia
933 1632 977 1680 est
992 1627 1077 1684 coac·

166 1708 214 1754 tua
228 1695 386 1762 Hannibal,
408 1707 459 1764 ut,
474 1696 527 1757 nisi
551 1708 611 1755 tum
635 1696 722 1772 fugae
745 1693 870 1774 speciem
884 1698 1017 1758 abeundo
1041 1699 1076 1768 rj-
1162 1748 1165 1769 ,

148 1772 444 1841 ‘muisseaGalliatn
474 1774 647 1851 repetiturus
669 1775 763 1844 l'uerit,
787 1775 868 1834 nulla
892 1775 994 1836 relicta
1027 1794 1077 1852 spe

165 1849 262 1910 alendi
275 1851 418 1910 exercitiis
427 1851 460 1909 in
474 1852 515 1911 eis
529 1852 610 1921 locis,
624 1852 648 1909 si
670 1852 854 1930 insequentes
875 1852 1009 1914 consules
1023 1853 1076 1912 eis·

166 1927 233 1986 dem
256 1928 363 1986 artibus
384 1929 492 1990 bellum
516 1942 657 2006 gererent.
716 1933 815 1996 Quum
841 1929 879 1988 ad
906 1931 1076 2004 Geroniqm,

167 2007 226 2062 'am
239 2003 333 2064 hieme
351 2005 534 2081 impediente,
558 2008 733 2068 constitisset
752 2009 870 2078 bellurn,
893 2009 1077 2086 Neapolitani

162 2025 255 2158 iegati
270 2081 393 2140 Romam
407 2085 519 2145 venere·
540 2085 578 2142 ab
601 2083 639 2140 iis·
655 2087 842 2162 quadraginta
857 2100 974 2165 paterae
994 2106 1077 2166 aures

165 2176 212 2220 ae
225 2159 322 2236 magni
349 2161 483 2236 ponderis
504 2161 535 2218 iu
557 2161 664 2220 curiam
685 2164 790 2231 illatae,
814 2177 901 2240 atque
924 2165 964 2224 ita
987 2167 1076 2224 verba

165 2235 252 2305 facta,
269 2249 300 2296 ut
313 2236 458 2298 dicerent:
491 2239 571 2301 Scire
585 2241 668 2310 sese,
681 2240 804 2300 llomani
825 2243 922 2318 pupuli
936 2245 1076 2310 aerarium

166 2313 244 2374 bello
258 2315 418 2376 exhauriri:
453 2329 498 2387 et,
518 2337 604 2396 quum
623 2321 708 2396 juata
731 2339 783 2396 pro
808 2321 925 2380 urbibus
946 2321 1077 2399 agrisque
1181 2387 1186 2394 ,

166 2392 320 2464 sociorum,
339 2411 376 2454 ac
397 2415 453 2470 pro
473 2397 571 2474 capite
593 2410 680 2474 atque
693 2417 760 2460 arce
784 2399 894 2467 Italiae,
921 2403 992 2460 urbe
1017 2401 1077 2458 tto·

90 2516 94 2520 .
166 2487 252 2528 mana
265 2481 352 2548 atqua
365 2471 493 2550 imperio,
508 2485 633 2549 geratur,
653 2494 780 2554 aequum
795 2479 941 2538 censuisse
962 2478 1077 2552 Neapo-

164 2545 279 2616 litanos,
302 2548 380 2624 quod
401 2550 463 2608 auri
487 2551 550 2619 sibi,
573 2571 660 2628 quum
684 2555 720 2614 ad
742 2556 914 2630 templorum
935 2565 1077 2624 ornatum,

148 2689 149 2694 η
167 2635 231 2680 tum
245 2625 282 2680 ad
296 2625 454 2684 subsidium
467 2628 608 2696 fortunae,
629 2649 647 2688 a
659 2630 826 2707 majoribus
847 2631 980 2690 relictum
993 2630 1075 2703 foret,

165 2702 316 2778 adjuvare
328 2702 465 2778 populum
485 2703 659 2764 Romanurn.
701 2709 731 2764 ai
753 2727 838 2784 quam
862 2727 944 2786 opam
964 2710 993 2768 in
1013 2729 1077 2772 sese

165 2777 328 2846 crederent,
350 2779 453 2840 eodem
473 2779 571 2840 studio
594 2781 682 2844 fuisse
705 2785 861 2846 oblaturos.
893 2801 1006 2864 gratum
1021 2793 1074 2850 albi

164 2856 269 2916 »Patres
286 2855 441 2916 Romanos
462 2859 658 2938 populumque
678 2863 830 2934 facturum,
864 2865 887 2924 si
908 2886 1075 2932 omassum

162 2931 423 3025 Neapolitanorum
451 2957 517 2998 suas
544 2938 714 3010 duxissentr
745 2943 906 3022 dignosque
929 2947 1076 3023 judicaves

163 3021 238 3076 rint,
248 3012 285 3070 ab
293 3013 401 3088 rqurlrur
416 3013 534 3086 donum,
553 3016 651 3077 auimo
672 3038 707 3080 ac
730 3021 878 3082 voluntate
898 3043 1005 3092 eorum,
1028 3025 1075 3100 q'ui

164 3087 290 3146 libentes
315 3090 426 3170 darent,
451 3111 537 3168 quam
559 3113 599 3164 re,
622 3100 719 3174 maJus
746 3099 932 3178 ampliusque,
962 3101 1075 3178 accipe·

164 3174 241 3222 rent.
276 3165 397 3244 ,legatis
420 3171 531 3260 gratiae
544 3185 634 3234 ,actae
654 3194 711 3308 ¹pro
733 3177 926 3238 munificentia
939 3177 1075 3254 curaque}

163 3251 372 3320 pateraqoae
386 3247 519 3322 ponderis
532 3249 639 3312 miniari
665 3253 858 3332 uit„accepla.
903 3307 907 3316 ,
929 3267 942 3300 -·
1041 3307 1047 3314 ,

181 3318 351 3410 ,ᾎΧΧῌι
383 3323 451 3382 Pua
478 3325 593 3384 eosdem
615 3329 676 3389 dies
703 3333 865 3408 speculator
891 3328 1075 3400 Karthagini·

162 3413 254 3466 011111,
267 3417 316 3474 qul
329 3417 380 3474 pet
401 3401 548 3462 biennium
571 3403 717 3478 fefellerat,
740 3409 851 3468 Romae
870 3405 1075 3478 deprehen&

162 3475 359 3564 muisisqtte
372 3479 504 3557 manibus
517 3479 671 3546 dimissus:
701 3497 732 3544 et
746 3487 818 3544 servi
837 3481 961 3556 quinque
981 3488 1014 3536 et
1036 3482 1074 3544 ri:
