2534 4010
165 195 204 250 64
521 182 557 244 T.
584 183 754 250 Lll'll¹

127 387 132 396 .
166 341 244 436 quod
257 341 326 400 nihil
339 341 474 404 haustum
494 359 532 400 en
544 357 619 400 rano
638 341 733 411 velim,
754 353 811 419 quo
834 341 917 400 nimis
937 341 1076 406 inclinant

166 425 256 480 terme
281 419 467 479 scribentium
494 419 591 487 animi,
618 419 749 487 Fabium,
770 420 916 496 aequalem
936 423 1079 499 tempori«

166 501 221 558 bus
234 499 355 576 hujusce
368 496 446 568 belli,
460 497 639 574 potissimum
659 511 806 556 auctorem
824 496 921 557 habui.
962 499 1080 558 Hanni«

166 577 226 646 bal,
248 577 425 654 captivorum
449 575 497 652 qui
520 573 617 634 Latini
640 576 763 634 nominis
783 586 879 633 essent
901 575 962 634 sine
1004 577 1079 646 retio

166 655 299 724 dimissis,
315 653 453 712 Romanis
465 653 496 710 in
516 652 630 712 vincula
642 654 736 721 datis,
760 666 908 730 segregata
929 673 967 712 ex
982 595 1079 712 loeti·

167 752 217 791 um
230 745 462 792 coaceruatorum
476 730 608 802 cumulis,
623 749 742 808 corpom
755 748 872 788 suorum
882 751 973 810 quum
993 750 1075 809 sepe·

167 811 210 868 liri
222 810 362 887 J‘ussisset,
378 808 508 868 Flaminii
522 827 635 886 quoque
648 825 761 884 corpus,
775 808 882 868 funeris
895 812 983 870 causti
997 819 1090 886 mug·'

168 906 206 946 na
219 901 291 946 'cum
313 906 382 946 cura
401 886 576 965 inquisitum,
591 906 649 945 non
669 886 785 944 invenit.
827 887 949 956 Romae,
964 887 1002 946 ad
1022 887 1077 965 pri·

168 985 247 1024 mum
268 965 405 1024 nuncium
425 965 516 1025 cladis
539 966 608 1040 ejus,
630 981 696 1022 cum
720 964 830 1041 ingenti
849 978 957 1026 terrore
978 983 1013 1025 ac
1033 978 1079 1024 tu·
1151 997 1156 1002 ·

169 1045 261 1102 multu
276 1061 431 1104 concursus
444 1043 473 1102 in
485 1042 580 1100 iorum
593 1041 691 1120 populi
705 1052 749 1100 est
770 1041 873 1100 factus.
912 1043 1077 1114 Matronae,

168 1141 258 1198 vagae
271 1141 323 1199 per
335 1123 403 1189 vias,
418 1137 492 1198 quae
510 1138 613 1197 repens
633 1119 731 1178 clades
750 1119 847 1190 allata,
861 1138 970 1199 quaeve
988 1120 1079 1180 sonu·

169 1218 207 1264 na
220 1200 365 1258 exercitiis
378 1209 463 1266 mssa
477 1197 579 1256 obvios
598 1209 831 1276 percunctantur.
852 1212 890 1268 et,
912 1215 1001 1276 quum
1021 1198 1078 1260 fre·

169 1277 282 1353 quentis
309 1276 455 1334 cannonis
477 1275 565 1334 modo
591 1278 676 1336 turba
700 1276 728 1332 in
752 1276 900 1335 comitium
920 1289 951 1336 et
970 1277 1080 1336 curiam

169 1371 249 1412 versa
272 1353 455 1430 magistratus
480 1364 617 1422 vocaret;
643 1353 770 1421 tandem,
797 1353 877 1412 haud
899 1355 991 1414 multo
1012 1367 1082 1416 ante

169 1431 237 1496 solis
260 1449 405 1501 occasum,
432 1433 479 1490 Μ.
506 1431 682 1510 Pomponius
705 1439 830 1508 praetor,
853 1441 871 1469 “
886 1431 932 1488 Pu
952 1432 1016 1502 ni,’'
1036 1433 1080 1490 in·

169 1509 239 1586 quit,
262 1511 481 1587 “,magnaricti
501 1529 599 1570 sumus
611 1509 634 1568 =”
655 1520 694 1577 et,
719 1527 880 1587 quanquam
904 1451 975 1566 nilsil
995 1511 1082 1568 certi.

169 1607 203 1644 us
217 1606 254 1646 ex
268 1607 304 1646 eo
321 1589 452 1648 auditum
466 1601 519 1659 est,
533 1599 641 1659 umen,
655 1588 728 1648 alius
742 1589 779 1648 ab
794 1586 849 1647 alio
862 1587 972 1665 impleti
985 1607 1081 1647 rumo-

169 1665 258 1735 ribus,
273 1667 374 1728 domos
391 1667 527 1736 referunt,
543 1668 689 1728 consulem
704 1685 770 1724 cum
784 1683 888 1739 magne
900 1678 984 1741 parte
1003 1666 1081 1745 copi·

169 1762 250 1804 nrum
271 1765 386 1807 caesum
398 1766 422 1804 t.
437 1762 585 1821 superesse
605 1759 722 1817 paucos,
741 1752 791 1796 aut
811 1739 880 1814 fugi
902 1743 1008 1816 passim
1029 1763 1085 1820 per

173 1822 315 1882 Etruriam
329 1839 451 1900 sparsos,
465 1829 515 1878 aut
528 1827 630 1892 captos
643 1817 679 1873 ab
694 1815 786 1874 hoste.
827 1817 907 1882 Quot
925 1835 1010 1878 caans
1030 1839 1083 1879 ex·

169 1903 276 1960 ercitus
295 1900 362 1956 victi
381 1897 503 1961 fuerant,
523 1893 617 1960 totin
641 1911 724 1952 curas
742 1893 1001 1972 dispertitieorum
1021 1900 1082 1958 ani.

170 1977 208 2034 mi
231 1985 322 2041 erant,
344 1991 463 2050 quorum
490 1971 642 2050 propinqui
665 1973 719 2032 sub
744 1972 778 2031 C.
804 1972 942 2034 Flaminio
963 1979 1082 2040 consule

170 2063 340 2120 munerant,
354 2051 557 2126 ignomutium,
571 2071 646 2129 quae
665 2053 807 2129 cujtrsque
828 2072 947 2112 suorum
965 2053 1083 2116 fostuna

170 2140 266 2190 esset:
286 2148 343 2188 nec
357 2129 507 2208 quisquam
521 2130 592 2190 satis
604 2143 714 2189 certum
735 2129 833 2198 habet,
854 2131 922 2207 quid
946 2142 996 2190 aut
1017 2151 1083 2208 spe..

170 2219 223 2274 ret,
244 2219 294 2268 aut
317 2208 428 2270 timeat.
467 2209 597 2274 Postero,
618 2226 657 2266 ac
680 2207 816 2283 deinceps
839 2209 947 2284 aliquot
969 2207 1083 2280 diebus,

172 2285 209 2344 ad
223 2297 320 2362 portas
333 2289 424 2363 maior
437 2303 526 2364 prope
540 2285 699 2354 mulierum,
724 2303 809 2360 quam
832 2284 964 2354 virorum,
986 2286 1082 2345 inulti..

172 2364 243 2422 tudo
257 2365 346 2433 stetit,
367 2376 417 2422 aut
431 2382 549 2422 suorum
562 2361 695 2440 aliquem,
709 2373 759 2419 aut
773 2361 894 2421 nuncios
908 2363 1013 2434 dehis,
1032 2384 1085 2444 op-

173 2442 302 2520 periens:
323 2441 682 2519 circumfundebanturque
696 2439 795 2508 obviis,
815 2441 1013 2511 sciscitantem
1032 2463 1084 2502 ne·

174 2521 336 2599 quesnelli,
356 2520 455 2600 ntique
477 2521 515 2580 ab
539 2519 624 2588 notis,
645 2519 731 2598 prius,
754 2536 839 2596 quam
863 2519 962 2582 ordine
987 2521 1084 2580 omnia

173 2600 365 2675 inquisissent,
393 2609 535 2678 poterant.
576 2597 649 2657 lnde
670 2597 762 2657 varios
785 2598 881 2656 vultus
901 2598 1084 2676 digredienti·

173 2694 223 2734 um
237 2679 275 2734 ab
289 2678 400 2738 nunciis
415 2697 556 2748 cerneres,
570 2688 603 2738 ut
623 2676 726 2756 cuique
747 2686 798 2736 aut
821 2676 899 2740 laeta
920 2688 971 2736 aut
993 2677 1086 2740 tristia

173 2753 400 2822 nunciabantur3
420 2757 663 2833 gratulantesque,
681 2766 732 2812 aut
752 2754 942 2820 consolantes,
963 2753 1086 2812 redeun-

174 2828 251 2892 tibus
284 2830 386 2888 domos
419 2831 615 2892 circumfusos.
668 2829 848 2892 Feminarum
874 2828 1028 2904 praecipue
1054 2842 1085 2888 et

174 2905 280 2985 gaudia
298 2905 420 2982 insignia
439 2917 529 2972 erant,
551 2917 580 2963 et
600 2905 704 2964 luctus.
744 2903 841 2964 Unam
864 2903 893 2959 in
909 2903 973 2980 ipsa
990 2916 1085 2982 pona,

175 2983 275 3061 sospiti
295 2983 354 3042 tilio
373 2993 493 3060 repente
513 2981 648 3051 oblatam,
669 2981 699 3040 in
723 2990 880 3042 consecto
904 2983 967 3059 'ejus
989 2984 1084 3062 exspi-

176 3061 379 3126 assererem
400 3061 529 3131 alteram,
543 3062 589 3120 cui
603 3057 742 3118 morsiilii
762 3057 778 3114 f
802 3077 834 3117 so
857 3059 994 3136 nunciata
1013 3073 1087 3135 erat,

177 3152 316 3201 moestam
331 3138 480 3200 sedentem
494 3139 580 3209 domi,
596 3139 633 3198 ad
646 3137 767 3216 primum
793 3150 980 3221 conspectum
1002 3140 1086 3201 rede.

178 3219 255 3280 untia
267 3219 316 3278 filii
330 3218 436 3296 gaudio
455 3218 543 3277 nimio
566 3217 769 3278 exanimatam.
807 3215 948 3276 Senatum
971 3232 1085 3296 praeto·

178 3315 224 3356 res
244 3317 295 3377 per
307 3297 369 3358 dies
381 3298 489 3376 aliquot
503 3298 541 3360 ab
554 3308 617 3358 orto
632 3315 722 3382 usque
735 3295 772 3355 ad
796 3293 983 3356 occidentem,
996 3297 1086 3356 solam

180 3374 209 3430 iu
223 3377 303 3437 curia
325 3376 458 3445 retinent,
478 3375 684 3445 consultantes,
704 3391 828 3468 quonam
852 3374 936 3448 duce,
956 3385 1006 3440 aut
1026 3373 1089 3461 qui-

177 3448 236 3508 bus
247 3455 348 3538 copiis,
361 3454 454 3521 resisti
467 3454 622 3520 victoribus
636 3453 741 3516 Pocnu
754 3463 860 3536 posset.
921 3523 926 3532 ¹
