2534 4010
182 226 229 282 ‘18
498 281 500 290 ,
543 225 579 289 Τ.
609 229 749 293 L'lVlI

194 387 212 422 “
232 399 290 441 uon
310 380 389 456 pacis
403 380 504 450 solarrn
519 385 571 446 sed
591 385 677 446 atam
691 387 835 457 victoriae,
850 389 933 451 bonis
946 391 1102 463 florebunt,

193 468 211 496 “
232 459 255 516 si
277 476 313 516 ex
335 457 396 516 aliis
419 463 554 536 gentibus
577 466 713 541 praedam
733 477 764 528 et
782 467 900 544 gloriam
923 487 1102 546 quaeremus.

157 547 211 576 '⁸⁸‘
232 537 344 614 Itaque,
364 556 452 614 quum
476 539 630 620 longinqua
650 546 689 602 ab
713 545 799 604 domo
822 547 910 608 instet
929 547 1039 617 militia,
1059 550 1103 606 in·

193 624 211 652 ‘¹
232 626 400 691 certumque
420 618 465 686 sit,
480 621 607 696 quando,
617 621 718 682 domos
737 635 853 694 vestras,
868 637 898 686 et
912 643 985 702 quae
997 626 1103 703 auique

193 703 211 731 ‘⁶
231 693 272 750 ibi
296 711 362 750 cara
382 695 447 762 sint,
469 697 553 757 vauri
577 700 647 768 sitis,
668 703 692 760 si
712 703 775 778 quis
795 707 921 764 vestrum
944 723 1012 764 suos
1031 703 1103 761 invi·

193 780 294 830 “sere
318 771 604 842 vult„commeatum
630 779 677 838 do.
717 779 814 838 Primo
837 801 912 851 vere,
936 782 1029 849 edico,
1051 781 1102 843 ad·

193 858 212 887 “
232 849 311 916 sitis3
331 860 372 917 ut,
386 851 440 909 diis
453 854 529 912 bene
546 858 721 933 juvantibus,
736 857 843 918 bellum
858 861 981 937 ingentis
994 861 1103 937 gloriae

193 935 211 966 “
232 928 413 1006 praedaeque
432 930 559 992 futurum
580 933 774 1010 incipiamus?
815 937 960 996 Omnibus
983 939 1043 998 iere
1062 939 1102 1006 vi,

190 1006 273 1066 sandi
284 1007 387 1066 domos
401 1011 498 1068 oblata
511 1010 586 1068 ultro
606 1023 742 1086 potestas*
753 1025 834 1088 grata
848 1027 919 1082 erat,
934 1026 963 1073 et
978 1019 1038 1092 jam
1052 1017 1103 1074 da·

190 1085 383 1147 siderantibus
406 1106 482 1156 suos,
503 1099 532 1146 ut
553 1088 666 1165 longius
688 1091 716 1150 in
740 1090 868 1150 futurum
885 1093 1102 1169 providentibus

190 1165 372 1224 desiderium.
411 1166 468 1224 Per
489 1176 585 1226 totum
605 1179 720 1247 tempus
743 1169 845 1230 hiemis
865 1169 945 1247 quies
964 1171 1039 1229 inter
1060 1171 1102 1230 la·

189 1244 283 1309 bores,
299 1253 350 1302 aut
369 1247 430 1320 jam
444 1244 609 1316 exhaustos,
622 1259 674 1305 aut
696 1267 765 1308 mox
785 1249 1004 1319 exhauriendos,
1018 1261 1103 1312 rena·

189 1321 266 1377 ravit
278 1341 398 1398 corpora
417 1323 584 1401 animosque
604 1327 642 1384 ad
655 1327 751 1384 omnia
764 1327 801 1384 de
820 1327 933 1404 integro
957 1328 1102 1405 patienda.

190 1397 267 1456 Vere
288 1399 379 1476 primo
401 1401 439 1458 ad
461 1403 588 1462 edictum
612 1423 780 1464 convenere.
831 1405 988 1474 Hannibal,
1013 1403 1101 1482 quum

147 1540 150 1545 ,
187 1477 379 1538 recensuisset
392 1480 519 1538 omnium
543 1482 648 1540 auxilia
671 1483 809 1559 gentium,
832 1482 932 1541 Gades
946 1482 1100 1559 proiectus,

52 1601 55 1606 .
132 1610 134 1614 ,
190 1555 311 1614 Herculi
325 1568 393 1614 vota
410 1559 550 1628 exsolvitr
569 1561 707 1639 novisque
731 1581 762 1620 se
784 1561 893 1638 obligat
912 1561 995 1630 uotis,
1010 1560 1033 1618 si
1053 1579 1101 1618 ce·

189 1643 251 1692 tera
271 1653 406 1713 prospera
426 1638 595 1698 evenissent.
636 1641 718 1704 Inde,
733 1641 858 1716 partiens
871 1658 955 1698 ouras
975 1638 1059 1698 simul
1071 1640 1102 1696 ia

187 1711 367 1774 inferendum
388 1727 477 1794 atque
499 1719 654 1774 arcendum
675 1719 792 1783 bellum,
806 1734 853 1779 ne,
868 1717 937 1772 dum
962 1718 1023 1791 ipse
1045 1729 1103 1774 ter-

189 1793 270 1850 restri
295 1814 346 1869 per
362 1794 533 1867 Hispaniam
555 1791 722 1866 Galliasque
735 1791 836 1848 itinere
850 1790 964 1848 Italiam
977 1802 1100 1868 peterat,

187 1870 266 1926 nuda
287 1882 442 1944 apertaque
467 1865 605 1922 Romanis
620 1866 719 1925 Africa
738 1869 775 1926 ab
797 1867 893 1926 Sicilia
905 1880 991 1939 esset,
1005 1869 1101 1930 valido

188 1944 329 2036 praesidio
352 1943 465 2002 firmare
489 1960 553 2001 eam
578 1944 687 2004 statuit.
728 1944 785 2005 Pro
806 1965 841 2006 eo
865 1947 1099 2026 supplementum

187 2041 249 2098 ipse
272 2040 311 2080 ea
324 2019 433 2090 Africa,
454 2023 580 2082 maxime
599 2026 800 2102 joculatorum,
814 2025 921 2087 levium
940 2027 1035 2097 armis,
1049 2047 1100 2104 pe·

187 2101 250 2166 tiit;
280 2111 313 2158 ut
340 2098 404 2158 Afri
430 2102 460 2160 in
488 2102 689 2180 Hispaniam
713 2105 815 2164 Africa
842 2105 975 2181 Hispani,
999 2105 1101 2165 melior

183 2178 287 2260 procul
314 2181 351 2238 ab
375 2180 462 2240 domo
487 2183 601 2240 futurus
622 2193 742 2258 uterque
768 2183 860 2250 miles,
883 2181 973 2244 velut,
991 2183 1101 2240 mutuis

207 2257 354 2332 ignoribus
375 2260 503 2336 obligati,
524 2258 671 2336 stipendia.
684 2261 823 2318 facerenti
863 2257 1015 2320 Tredeeim
1035 2259 1100 2318 mil·

186 2277 225 2392 lia
248 2336 437 2413 octingentos·
453 2336 657 2416 quinquaginta
679 2336 791 2414 pedites
820 2347 952 2396 caetmtos
974 2338 1050 2396 misit
1069 2338 1101 2398 iu

188 2413 326 2481 Africam,
350 2425 380 2474 et
400 2417 559 2476 lirnditores
581 2414 709 2475 Baliares
728 2415 908 2492 octingentos
935 2416 1099 2493 septuagin-

187 2506 235 2562 ta;
255 2495 375 2574 equites,
390 2495 495 2555 mixtos
516 2513 552 2553 ex
575 2492 673 2552 multis
692 2494 835 2570 gentibus,
850 2494 928 2552 mille
947 2495 1099 2554 ducentos.

187 2573 252 2632 Has
279 2576 377 2653 copies
409 2575 513 2652 partim
539 2571 711 2650 Karthagini
738 2573 869 2651 presidio
895 2591 967 2641 esse,
994 2571 1098 2649 partim

187 2651 317 2710 distribui
339 2673 392 2730 per
415 2654 553 2722 Africam,
579 2653 673 2729 jubet.
693 2652 779 2712 simul
802 2651 1042 2731 conquisitoribus
1068 2651 1099 2710 in

186 2727 316 2786 civitates
340 2732 440 2797 missis,
462 2747 585 2808 quatuor
607 2731 695 2788 millia
718 2732 879 2804 consmipta
899 2731 1031 2786 delectae
1051 2731 1098 2802 ju·

186 2805 320 2871 venturis,
344 2807 517 2883 praesidium
531 2807 648 2864 eosdem
671 2815 701 2862 et
715 2806 839 2872 obsides,
853 2804 921 2862 duci
942 2803 1097 2878 Karthagi-

186 2901 252 2940 nem
275 2885 365 2942 'uben

225 2903 325 3018 Xlill.
371 2959 485 3022 Nauos
508 2959 679 3037 Hispaniam
703 2957 906 3036 negligendam
928 2968 1017 3027 ratus,
1042 2960 1098 3037 (at-

186 3059 241 3116 que
255 3039 321 3098 ideo
343 3038 421 3096 haud
438 3039 541 3108 minus,
564 3037 642 3116 qaod
654 3037 733 3095 baud
754 3037 869 3114 ignarus
888 3049 961 3107 erat,
974 3037 1098 3099 eircum-

184 3118 254 3176 itnm
268 3120 305 3176 ab
321 3117 461 3177 Romanis
475 3137 539 3177 eam
558 3117 661 3196 legatis
673 3116 712 3175 ad
729 3115 924 3176 sollicitandos
936 3115 1098 3194 principum

185 3195 307 3276 animos)
325 3197 498 3256 Hasdrubali
512 3197 600 3268 fratri,
614 3197 673 3254 viro
693 3194 822 3275 impigro,
837 3213 902 3256 eam
923 3194 1097 3271 provinciam

185 3278 319 3347 destinat,
345 3279 497 3356 firmatque
517 3294 583 3336 eum
609 3275 714 3336 Africis
737 3275 860 3334 maxime
877 3273 1024 3351 praesidiis,
1047 3293 1098 3351 pa·

185 3357 277 3416 ditum
301 3355 438 3416 Afrorum
460 3355 594 3416 undecim
618 3354 743 3414 millibus
763 3353 935 3432 octingentis
958 3354 1097 3432 quinqua·

185 3435 273 3510 ginta,
306 3437 462 3516 Liguribus
492 3435 637 3505 trecentis,
664 3433 825 3496 Bnliaribus
858 3431 1033 3519 quingentis..
1057 3428 1095 3486 ad

186 3513 259 3574 hanc
291 3519 423 3595 peditum
456 3517 561 3580 auxilia
593 3513 685 3578 additi
711 3513 822 3595 equites
854 3511 1095 3592 Libyphoenices,
