2406 3932
438 309 603 375 LIBER
635 311 745 374 XXIV.
990 315 1046 380 197

134 469 195 532 duo
218 472 303 532 millia
327 470 485 531 hominum.
524 483 652 531 cetemm
675 467 883 530 Leontinorum
909 467 1045 528 militum·

135 563 193 628 que
205 553 323 609 aliorum
337 569 432 618 nemo,
447 561 511 626 post
532 562 646 626 captam
667 549 778 614 urbem,
793 543 913 603 violatus
932 546 1042 606 fuerat:

107 645 243 706 «suaque
256 629 352 687 omnia
362 629 422 697 eis,
438 626 491 684 nisi
512 635 590 702 quae*
605 626 711 702 primus
725 623 864 682 tumultus
882 635 985 702 captae
999 643 1046 681 ur·

99 718 102 728 “
133 707 178 764 bis
205 708 413 782 absumpserat,
440 705 674 762 restituebantur.
728 703 799 771 Nec,
826 712 858 760 ut
885 701 1044 762 Leontinos

132 783 216 852 irent,
230 784 358 860 proditos
379 783 416 840 ad
439 781 557 840 caedam
579 779 786 839 commilitones
800 791 959 856 querentes,
980 799 1045 859 per·

131 861 200 938 pelli
214 872 343 938 potuere,
358 879 412 919 nec
431 876 463 919 ut
477 860 579 918 eodem
600 859 665 916 loco
679 857 828 916 certiorem
842 859 978 916 nuncium
993 877 1045 917 ex·

133 947 307 1014 spectarent.
357 939 453 1002 Quum
480 937 518 995 ad
542 936 733 995 defectionem
760 935 911 992 inclinatos
934 936 1044 995 animos

130 1031 283 1075 cernerent
305 1027 459 1093 praetores,
482 1014 533 1074 sed
556 1025 622 1073 e'urn
645 1027 757 1072 motum
777 1012 856 1070 haud
880 1011 1044 1072 diuturnum

131 1093 202 1163 iore,
224 1095 247 1151 si
270 1094 359 1152 duces
383 1093 525 1152 amentiae
546 1092 650 1150 sublati
673 1101 785 1158 essent;
815 1090 973 1149 exercitum
993 1091 1045 1150 du·

132 1181 203 1230 cunt
225 1172 384 1248 Megaram,
405 1171 457 1248 ipsi
481 1189 548 1228 cum
572 1171 671 1247 paucis
696 1169 841 1246 equitibus
864 1167 1045 1227 Herbessum

131 1249 356 1325 proficiscuntur,
384 1267 445 1326 spe,
472 1247 576 1308 territis
599 1249 741 1316 omnibus,
769 1266 820 1324 per
852 1246 1044 1323 proditionem

131 1325 210 1384 urbis
229 1327 394 1403 potiundae.
407 1327 484 1404 quod
503 1326 552 1383 ubi
574 1326 679 1384 frustra
702 1326 743 1386 eis
766 1325 821 1384 fuit
845 1325 1001 1402 inceptum,
1016 1325 1044 1382 vi

131 1405 274 1478 agendum
296 1406 359 1474 rati,
381 1415 495 1482 postero
518 1404 566 1462 die
591 1403 718 1480 Megaris
742 1417 837 1463 eastra
859 1416 986 1473 movent,
1011 1413 1044 1461 ut

131 1483 310 1542 Herbessum
333 1483 466 1541 omnibus
488 1481 582 1555 copiis
597 1493 805 1555 oppugnarent.
846 1481 1041 1558 Hippocrates
1109 1507 1112 1514 ¹

130 1573 160 1617 at
175 1559 329 1636 Epicydes,
343 1579 401 1614 non
420 1568 481 1614 tam
500 1565 595 1612 tutum
616 1557 708 1630 primia
722 1556 828 1632 specie,
844 1573 929 1632 quarn
943 1577 1041 1626 unum,

130 1655 182 1712 spe
204 1636 330 1712 undique
351 1635 473 1700 abscisa,
495 1632 645 1690 consilium
669 1650 732 1689 csse
755 1633 818 1700 rati,
840 1645 872 1689 ut
896 1651 927 1692 se
948 1635 1043 1692 militi·
1075 1694 1080 1706 ,

130 1714 185 1770 bus
199 1713 404 1790 permitterent,
419 1721 449 1769 et
462 1710 583 1768 assuetis
597 1710 700 1786 magud
715 1729 751 1766 ex
765 1725 847 1786 parte
860 1709 923 1778 sibi,
938 1725 968 1768 et
982 1723 1043 1768 tum

129 1789 206 1850 fama
220 1790 316 1849 caedis
330 1789 555 1849 commilitonum
570 1788 707 1854 accensis,
722 1787 836 1846 obviam
853 1788 960 1864 agmini
978 1807 1043 1864 pro-

130 1869 245 1926 cedunt.
301 1868 395 1924 Prima
421 1867 494 1926 forte
521 1866 602 1942 signa
628 1878 829 1924 sexcentorum
859 1865 1040 1924 Cretensium

130 1957 221 2012 erant,
249 1947 295 2021 qui
327 1944 404 2022 apud
432 1945 642 2020 Hieronymum
666 1955 829 2004 meruerant
857 1945 910 2002 sub
935 1945 985 2013 eie,
1014 1959 1044 2004 et

131 2023 303 2084 Hannibalis
323 2022 495 2080 beneficium
514 2021 671 2087 habebant,
686 2024 762 2098 capti
783 2023 820 2080 ad
842 2022 1055 2081 Trasimenum*

130 2100 205 2158 inter
220 2101 415 2158 Romanorum
429 2099 544 2170 auxilia,
558 2099 733 2175 dimissique.
773 2119 844 2177 quos
865 2102 915 2159 ubi
936 2121 971 2159 cx
987 2101 1043 2178 sig*

130 2177 173 2235 nis
199 2196 400 2255 armorumque
420 2177 520 2235 habitu
548 2195 708 2251 cognovere
737 2177 929 2253 Hippocrates
954 2192 1041 2256 atque

130 2255 392 2334 Epicydesframos
405 2255 486 2314 oleae
500 2273 534 2313 ac
549 2255 708 2313 velamenta
727 2255 782 2313 alia
796 2255 957 2333 supplicum
977 2277 1042 2333 por-

128 2331 261 2409 rigentes,
276 2353 358 2392 orare
379 2345 410 2392 ut
430 2334 590 2412 reciperent
614 2353 685 2402 sese,
701 2345 889 2412 receptosque
913 2345 1041 2392 tutaren-

129 2423 184 2478 tur,
200 2431 254 2468 neu
278 2413 431 2488 proderent
449 2412 677 2490 Syracusanis,a
696 2412 800 2490 quibus
819 2431 887 2470 mox
908 2412 961 2490 ipsi
982 2425 1043 2468 tru-

129 2488 243 2546 cidandi
256 2489 364 2623 populo
382 2489 510 2548 Romano
525 2491 707 2548 dederentur.

137 2607 139 2615 ι
168 2566 279 2623 XXX.
315 2567 504 2637 amavero,
519 2568 709 2636 conclamant,
731 2569 839 2626 bonurn
861 2577 893 2623 ut
912 2565 1041 2622 animum

126 2645 286 2702 baberent:
307 2661 421 2701 omnem
435 2663 466 2702 se
481 2661 548 2704 cum
566 2646 622 2701 illis
639 2643 782 2702 fortunam
797 2643 951 2702 subituros.
992 2643 1042 2702 ln·

128 2734 173 2780 tar
204 2721 261 2780 hoo
289 2721 461 2798 colloquium
497 2723 577 2798 signa
605 2722 802 2790 constiterant,
830 2721 1040 2800 tenebaturque

127 2817 250 2876 agmen:
270 2800 404 2869 necdum,
419 2819 492 2878 quae
504 2817 604 2858 morae
617 2815 705 2857 causa
723 2801 805 2868 soret,
821 2813 988 2876 pervenerat
1002 2801 1043 2862 ad

127 2879 389 2957 ducespostquam
414 2879 622 2956 Hippocratem
648 2891 734 2954 atque
759 2877 923 2956 Epicydem
939 2880 1040 2938 adesse

128 2958 249 3032 pervasit
265 2975 370 3026 rumor,
383 2956 571 3034 fremitusque
591 2967 653 3015 toto
676 2957 791 3032 agmine
813 2968 874 3014 erat
895 2957 972 3016 baud
986 2957 1040 3016 du·

91 3079 98 3090 .
127 3034 176 3092 bis
189 3035 406 3110 approbantium
421 3035 576 3094 adventum
589 3053 707 3101 eorumr
728 3035 874 3114 extemplo
894 3048 1040 3113 praetores

128 3110 222 3170 citatis
236 3113 315 3186 equis
339 3111 376 3169 ad
400 3112 489 3187 prima
509 3113 592 3188 sigua
613 3124 808 3188 perrexerunt,
830 3114 878 3190 qui
898 3131 961 3171 mos
981 3113 1041 3184 ille,

128 3205 207 3265 quae·
220 3188 335 3246 licentia
349 3190 528 3248 Cretensium
549 3201 634 3260 esset,
648 3191 814 3266 rogitantes,
829 3191 971 3270 colloquia
994 3211 1039 3249 se·

127 3265 207 3324 rendi
235 3283 301 3322 cum
327 3267 418 3334 hoste,
442 3267 607 3344 injussuque
634 3281 797 3345 praetorum
824 3267 961 3328 miscendi
988 3287 1039 3328 eos

127 3341 234 3420 agmini
254 3361 316 3400 suo.
356 3344 725 3424 Comprehendi,injicique
745 3357 871 3415 catenas,
892 3349 1039 3423 jusserunt

128 3421 310 3500 Hippocrati.
330 3421 367 3478 ad
387 3439 472 3500 quam
487 3441 586 3481 vocem
606 3435 704 3482 tantus
717 3423 864 3500 extemplo
877 3425 999 3500 primum
1020 3443 1039 3485 a

129 3501 263 3559 &atibus
282 3498 390 3558 clamor
409 3511 453 3560 est
474 3511 562 3573 ortus,
576 3501 681 3560 danae
703 3511 843 3577 exceptus
857 3501 900 3557 'ab
919 3501 989 3572 aliis,
1005 3517 1037 3564 ut

127 3577 220 3650 boile,
241 3578 267 3638 si
285 3579 359 3648 ultra
378 3579 538 3655 tenderent,
553 3589 712 3658 appareret,
727 3579 768 3641 eis
787 3577 948 3640 timendum
964 3599 1036 3642 esse.
