2534 4010
199 229 238 292 so
359 192 362 200 ’
511 203 795 291 1‘nniv1135

239 383 348 444 xxiv.
389 385 552 444 Ronanus
576 397 646 446 tunc
674 386 827 446 exercitur.
838 385 867 444 in
890 405 959 464 agro
981 374 1109 452 Larinati

200 478 270 524 erat.
303 473 444 541 praeerat
466 464 622 533 Minucius,
649 465 785 542 magister
805 465 941 550 equiturn,
969 469 1109 544 prosecta,

200 543 275 601 sieut
295 552 362 599 ante
384 541 494 600 dictum
516 553 569 610 est,
593 543 630 599 ad
658 545 758 601 urbem
781 542 930 620 dictatore,
950 567 953 576 ’
971 546 1109 606 Ceterum

200 629 303 687 castra,
318 619 433 696 quaein
454 631 553 677 monte
569 619 628 678 alto
644 637 681 678 ac
699 623 772 679 t'uto'·
783 620 847 679 loco
871 622 964 698 posita
982 621 1107 694 fuerant,

196 700 258 776 jam
279 697 307 754 in
327 697 444 774 pianum
463 697 647 756 deferuntur:
667 699 906 777 agitabanturque
927 719 977 778 pro
992 700 1108 778 ingenio

144 779 148 786 ’
199 775 281 833 ducis
295 775 412 833 consilia
426 775 571 845 calidiora,
584 787 616 834 ut
631 776 753 852 impetus
767 785 816 834 aut
837 776 865 834 in
888 777 1108 839 frumentatores

197 854 318 988 galatos,
332 853 424 911 autin
443 867 545 921 eastra,
564 853 664 912 relicta
684 871 749 910 cum
770 853 825 912 levi
849 856 998 931 praesidio,
1016 856 1108 922 fieret.

229 949 264 989 ec
278 931 472 989 Hannibalem
486 929 596 1000 fefellit,
610 949 676 988 cum
696 931 771 990 duce
791 943 931 990 mutatam
956 953 1019 993 esse
1040 933 1108 994 belli

196 1009 346 1077 rationem,
373 1019 403 1068 et
434 1007 565 1076 ferocius,
597 1026 683 1086 quam
715 1009 881 1078 consultius,
915 1029 976 1068 rem
1009 1012 1107 1074 hostes

193 1096 352 1164 gesturos·
391 1086 458 1164 Ipse
485 1096 590 1155 autem,
617 1087 707 1164 (quod
733 1087 849 1145 minime
876 1088 949 1165 quis*
965 1089 1106 1172 erederet)

196 1183 283 1241 quum
298 1163 388 1221 hostis
401 1163 516 1240 propius
539 1176 625 1233 esset,
645 1164 759 1222 tertiam
773 1178 882 1242 partem
902 1165 1023 1223 militum
1046 1167 1106 1226 itu·¹

196 1252 364 1309 mentatum,
379 1240 491 1298 duabus
505 1241 533 1296 in
548 1241 648 1301 castris
665 1243 792 1311 retentis,
813 1243 938 1301 dimisit:
959 1243 1026 1302 dein
1041 1263 1104 1304 cas·

95 1336 100 1342 ·
196 1333 240 1374 tra
263 1319 325 1394 ipsa
345 1317 461 1394 propius
483 1318 596 1378 bostem
619 1320 716 1388 movit,
741 1321 799 1377 duo
823 1320 913 1378 ferme
936 1339 954 1379 a
975 1321 1104 1380 Gerenia

194 1393 291 1463 millia,
306 1394 334 1451 in
348 1395 490 1452 tumulum
509 1396 585 1456 hosti
605 1406 808 1475 conspectum
829 1409 860 1454 ut
884 1399 1027 1457 intentum
1051 1402 1104 1458 sci-¹

194 1481 238 1531 ret
265 1491 328 1531 esse
351 1474 390 1530 ad
412 1473 647 1545 bumentatnres,
662 1475 685 1532 si
707 1493 763 1554 qua
783 1474 825 1531 vis
845 1474 935 1539 fieret,
957 1478 1104 1552 tutandus.

194 1550 315 1627 Propior
325 1551 393 1611 inde
406 1552 441 1620 ei,
455 1565 543 1630 atque
560 1555 629 1632 ipsis
648 1553 800 1613 imminens
823 1552 1019 1610 Romanorum
1041 1573 1103 1611 cas·

193 1627 395 1699 tiis'tumuius
408 1632 559 1709 apparuit:
579 1632 614 1689 ad
629 1649 714 1708 quern
734 1632 904 1706 capiendum
923 1631 948 1688 si
967 1629 1032 1689 luce
1052 1650 1102 1709 pa·-

191 1705 370 1780 tamarcem,
393 1712 458 1786 quia
481 1709 559 1765 haud
582 1709 670 1764 dubie
685 1707 783 1762 'hostis
805 1707 940 1762 breviore*
953 1709 1101 1784 viaprae.

190 1795 328 1844 venturus
360 1799 429 1851 erar,
462 1794 548 1838 nocte
575 1783 649 1838 clam
677 1781 766 1836 missi¹
782 1779 924 1838 Numidae
952 1787 1102 1856 ceperunt:
1193 1799 1197 1809 ·

190 1879 261 1940 quos
294 1871 425 1918 tenentes
458 1858 562 1923 locum,
590 1855 756 1932 contempta
789 1858 943 1934 paucitate,
974 1859 1104 1918 Romani

220 1947 304 1994 atero
317 1936 363 1993 die
382 1951 468 2011 quum
490 1932 650 2010 ejecissent,
671 1933 724 2010 ipsi
743 1953 778 1992 en
802 1935 975 1996 transferunt
996 1949 1099 1998 castra.⁴

188 1957 264 2072 ibm
273 2012 382 2089 itaque,
397 2021 430 2067 ut
441 2011 577 2088 exiguum
592 2013 675 2090 spatii
686 2013 793 2072 vaiium
808 2033 825 2072 a
842 2015 917 2074 valio
933 2017 1047 2084 aberat,
1068 2028 1098 2075 et

186 2090 321 2164 idipsum
335 2095 428 2147 totum
441 2108 531 2168 prope
545 2092 739 2168 compleverat
754 2093 884 2151 Romana
905 2095 990 2162 acies,
1012 2095 1096 2152 simul

187 2177 282 2242 et‘per
294 2185 394 2226 aversa
407 2181 500 2227 castra
514 2188 531 2226 a
545 2171 644 2227 castris
663 2169 837 2228 Hannibalis
856 2171 1008 2246 equitatus,
1030 2189 1096 2227 cum

186 2245 240 2304 levi
264 2257 407 2304 armatura
434 2245 553 2304 emissus
577 2247 607 2302 in
633 2247 863 2313 frumentatores,
891 2247 949 2303 late
976 2247 1095 2305 caedem

185 2322 340 2400 fugamque
366 2323 491 2380 hostium
519 2324 679 2400 palatorum
711 2322 789 2379 feeit.
816 2323 869 2380 nee
896 2323 958 2383 acie
985 2337 1097 2384 certare

186 2399 334 2459 Hannibal
349 2418 454 2457 ausus:
474 2401 540 2477 quia
554 2402 634 2460 tanta
645 2399 792 2478 paucitate
805 2400 852 2458 vix
871 2415 974 2472 castra,
997 2403 1019 2461 si
1043 2423 1097 2482 op·

185 2491 388 2557 pugnaremus,
417 2479 502 2536 tutari
528 2489 651 2557 poterat.
709 2479 833 2557 Jamque
867 2481 975 2539 artibus
1004 2481 1093 2549 Fabii,

184 2556 422 2690 qmrsoexercitus
442 2557 553 2635 aberat)
572 2561 632 2636 J'am
647 2557 738 2616 ferme
762 2557 888 2617 sedendo
910 2573 939 2618 et
957 2567 1095 2617 cunctan-

205 2635 349 2693 obelium
368 2637 497 2712 gerebat,
517 2647 721 2716 receperatque
742 2655 808 2694 suos
828 2639 857 2694 in
878 2637 971 2714 priora
991 2647 1093 2706 castra,

183 2721 258 2786 quae
296 2725 333 2768 ro'
348 2714 466 2772 Geronii
488 2717 637 2774 moenibus
661 2726 752 2774 erant.
791 2715 881 2780 Justa·
897 2735 1010 2791 quoque
1031 2715 1094 2772 acie

184 2797 214 2845 ct
227 2729 439 2864 colibtissignis
453 2792 629 2858 dimicatum,
644 2793 759 2867 quidam
781 2802 912 2846 auctores
932 2801 1015 2846 sunt:
1035 2791 1097 2865 pri·¹

183 2881 230 2923 mo
251 2869 393 2922 concursu
414 2866 543 2922 Poenum
564 2884 654 2944 usque
676 2868 712 2922 ad
734 2877 827 2921 castra
848 2865 953 2932 fusum,
974 2865 1041 2922 ind'e
1062 2885 1093 2924 e·

180 2940 313 3020 ruptione
338 2939 417 2999 factis
438 2955 555 3018 repente
578 2961 688 3000 versum
712 2951 847 2998 terrorem
869 2941 898 2997 in
924 2941 1091 3013 Roman0s3

183 3019 272 3078 Num.
305 3017 429 3077 Decimii
464 3020 599 3078 Samnitis
632 3019 736 3077 deinde
763 3019 923 3077 interventu
950 3021 1089 3112 proelium

183 3097 356 3156 restitutum.
405 3097 504 3167 Hunc,
532 3098 688 3178 principem
712 3116 817 3176 genere
840 3117 875 3157 ac
901 3097 1004 3157 divitiis
1032 3119 1091 3160 nou

184 3175 303 3234 Boviani
316 3174 411 3243 modo,
427 3177 503 3236 unde
517 3190 587 3250 erat,
602 3177 652 3236 sed
660 3187 727 3234 *toto
750 3176 875 3246 Samnio,
896 3180 977 3255 jussu
999 3177 1090 3240 dicta·

184 3254 253 3312 terit
262 3265 333 3313 octo
346 3253 434 3311 miliia
454 3255 582 3333 peditum
603 3268 632 3314 et
656 3256 766 3334 equites
788 3255 958 3334 quingentos
981 3253 1088 3316 dueen-

183 3335 242 3388 tem
266 3333 296 3390 in
319 3343 419 3404 castra,
443 3330 487 3392 ab¹
504 3343 584 3410 tergo
609 3351 696 3412 quum
714 3333 895 3414 *apparuisset
919 3333 1093 3400 Hannibalis·

182 3422 197 3462 t
252 3410 395 3491 iemiparti
408 3411 519 3490 utrique
533 3413 697 3490 praebuisse
710 3413 781 3470 novi
798 3413 944 3492 praesidii,
961 3411 1091 3474 cum··'Q·¹

206 3482 272 3545 abio
286 3493 323 3550 ab
339 3492 432 3552 Roma
445 3490 601 3554 venientis:
622 3491 816 3556 Hannibalem
835 3491 997 3551 insidiarum
1015 3493 1087 3566 qbe-
