2406 3932
435 231 594 293 aranu
621 227 720 292 xxn.
755 186 760 190 ”
979 213 1029 298 'so

123 385 296 468 jaculatores
316 407 381 448 cum
405 389 507 447 ceteris
530 390 634 450 leuium
648 397 792 446 armornm
812 377 924 444 auxiliis
936 386 1029 463 prima·

74 483 82 492 ’
127 469 204 526 acies
217 467 311 526 'factu
379 467 519 525 Consules
545 485 653 526 comus
678 474 841 534 tenuerunt,
875 463 1032 523 Terentius

127 545 246 614 laevum,
276 543 416 602 Aemilius
443 542 596 601 dextrum:
637 543 761 601 Gemino
790 541 907 602 Servilio
933 542 1028 601 media

128 639 221 700 pugna
235 621 434 680 tuendadata.
495 688 498 694 ff
986 659 988 666 ,

149 699 273 757 XLVI.
301 698 495 775 ,Hauursnu
517 696 583 754 luce
604 696 702 772 prims,
731 696 889 758 Baliaribus
913 697 1027 776 levique

126 777 182 836 olis
194 776 339 834 armatura
363 775 527 851 praemissa,
551 784 742 849 transgressus
765 776 879 844 flumen,
894 787 928 834 ut
941 795 1026 854 quos·

125 873 182 930 qne
194 853 369 920 traduxerat,
391 853 432 909 itu
452 853 481 909 in
504 851 567 912 acie
590 851 714 908 locabat.
754 852 854 910 Gallos
867 854 922 911 ¹His
943 871 1026 912 auos·

126 949 183 1006 que
197 929 307 1006 equites
320 947 409 1006 prope
420 930 510 1006 ripam
524 930 605 988 laevo
618 928 648 985 in
661 947 751 986 cornu
766 929 898 988 adversus
920 875 1027 989 iinme-

125 1027 195 1066 num
209 1008 387 1084 equitatum:
415 1006 545 1064 dextrum
568 1025 657 1065 cornu
671 1005 805 1064 Numidis
823 1007 964 1084 equitibus
976 1009 1028 1065 da·

126 1098 197 1154 turn,
212 1084 307 1142 mediis
320 1083 383 1142 acie
396 1085 540 1160 peditibus
552 1085 683 1151 firmam
716 1085 758 1142 ita
781 1086 825 1146 ul,
837 1083 974 1152 Afrorum
997 1103 1030 1152 ιι-Ι

127 1177 227 1239 traque
243 1161 359 1219 'cornua
379 1173 484 1229 essent,
508 1162 754 1239 interponerentur
777 1161 822 1219 his
845 1161 931 1219 medii
952 1157 1032 1218 Galli

123 1233 210 1316 atque
225 1239 356 1328 Hispani.
398 1239 485 1296 Afros
512 1239 671 1297 Romanam
695 1255 801 1314 magna
820 1258 858 1297 ex
871 1251 952 1316 parte
966 1257 1029 1297 cre·

42 1347 51 1362 κ
125 1316 209 1375 deres
235 1334 345 1374 acrem:
374 1316 415 1374 ita
436 1317 537 1376 armati
558 1333 639 1376 erant
662 1317 747 1374 urrais
770 1316 859 1374 etad
883 1315 1027 1386 Trebiam,

126 1389 256 1452 ceterum
269 1395 374 1470 magna
387 1413 423 1452 ex
437 1406 518 1470 parte
530 1395 568 1452 ad
589 1395 796 1463 Trasimenum,
818 1394 918 1470 captis.
958 1395 1028 1452 Gol-

35 1523 42 1534 ,
124 1471 160 1528 lis
174 1471 368 1547 Hispanisque
381 1483 464 1529 scuta
476 1471 605 1546 ejusdem
627 1472 736 1528 formae
758 1471 818 1529 fere
839 1483 937 1539 erant3
970 1471 1034 1530 dis·v

123 1565 207 1627 pares
220 1566 255 1605 ac
267 1548 418 1605 dissimiles
431 1547 535 1622 gladii:
570 1548 665 1606 Gallis
684 1547 830 1625 praelongi
843 1565 879 1606 ac
891 1549 953 1606 sine
965 1565 1027 1606 mu·

124 1625 277 1691 erunibus3
310 1623 452 1699 Hispano,
476 1624 605 1699 punctim
628 1626 727 1700 magis,
749 1645 833 1702 quarn
847 1626 962 1696 caesim,
983 1644 1028 1683 as·
1080 1645 1083 1652 ·

124 1712 209 1760 sueto
222 1711 320 1777 petere
333 1701 455 1768 hostem,
470 1701 610 1760 brevitate
623 1701 734 1760 habiles
755 1714 795 1760 et·
808 1722 874 1761 cum
888 1704 1030 1760 mucroni·

124 1782 188 1838 bus.
208 1790 276 1836 ante
290 1789 408 1846 ceteros,
432 1777 549 1836 habitus
572 1779 701 1855 gentium
720 1781 821 1838 harum
836 1791 897 1838 tum
919 1780 1028 1856 magni·

123 1856 224 1914 tudine
236 1874 396 1930 corporum,
413 1866 473 1912 turn
487 1856 591 1933 specie,
613 1856 745 1914 terribilis
766 1869 836 1916 erat.
890 1857 968 1916 Galli
982 1877 1029 1926 su,-

123 1949 176 2011 per
195 1933 365 1990 ¹urnbilioum
383 1944 468 1990 ¹erant
488 1934 574 1991 nudi:
609 1933 732 2010 Hispani
755 1934 849 1994 linteis
872 1936 1030 2012 praetextis

145 2009 252 2085 urpurb
264 2009 376 2076 tunicis,
391 2010 515 2068 candore
528 2010 599 2068 miro
621 2011 806 2086 fulgentibus,
830 2014 1028 2072 constiterant.

123 2031 272 2146 Humerus
285 2088 411 2144 omnium
433 2087 571 2163 peditum,
595 2087 643 2164 qui
666 2097 728 2144 tum
742 2100 882 2149 steterunt
902 2089 931 2147 in
954 2090 1027 2160 acie,

122 2163 244 2224 millium
254 2163 308 2221 fuit
321 2164 517 2241 quadraginta,
532 2165 631 2224 decern
646 2165 783 2242 equitum.
822 2167 923 2225 Duces
936 2169 1029 2226 corni-

123 2245 180 2304 bus
202 2254 362 2320 praeerant,
387 2242 500 2300 sinistro
527 2241 702 2312 Hasdrubal,
730 2242 831 2302 dextro
855 2245 1027 2304 Maharbal:

121 2319 248 2380 mediam
261 2320 351 2378 aciem
366 2319 514 2378 Hannibal
535 2321 596 2411 ipse
617 2339 683 2379 curn
696 2320 783 2394 fratre
803 2321 932 2398 Magone
944 2335 1028 2396 tenuf

124 2399 157 2457 it.
198 2397 257 2466 Sol,
271 2415 321 2455 sen
333 2397 372 2456 de
383 2399 529 2456 industria
545 2407 586 2456 rta
608 2399 717 2469 locatis,
740 2419 791 2458 seu
800 2401 885 2477 *quod
894 2401 968 2460 forte
987 2403 1029 2459 ita

122 2485 241 2542 starem,
256 2489 467 2551 peropportune
487 2477 600 2552 utrique
622 2476 696 2553 perti
719 2477 852 2554 obliquus
875 2493 945 2545 erat,
967 2479 1029 2533 Ro·

121 2553 217 2612 manis
230 2552 261 2609 in
275 2551 430 2620 meridiem,
445 2553 550 2610 Poenis
563 2554 592 2610 in
606 2555 829 2642 septentrionem
843 2554 941 2610 versis.
961 2571 1029 2610 vens

123 2641 183 2696 tus,
196 2628 384 2716 §Vulturnum
406 2629 517 2686 incolae
538 2630 660 2704 regionis
681 2633 798 2706 vocant)
820 2630 955 2687 adversus
970 2629 1028 2689 Ro·

123 2723 218 2763 manta
232 2716 357 2771 coortus,
371 2704 462 2762 multo
483 2705 600 2781 pulvere
622 2705 651 2762 in
664 2705 727 2782 ipsa
746 2724 799 2764 ora
811 2707 950 2766 volvendo
964 2729 1028 2788 pro·

121 2793 256 2862 spectum
306 2782 386 2840 eruit.
415 2807 417 2812 ’
1020 2819 1022 2825 ,

165 2859 290 2918 XLVl.
322 2860 481 2918 Ctnrnoaa
507 2860 630 2930 sublato,
653 2874 818 2939 procursum
846 2867 883 2923 ab
907 2867 1027 2936 auxiliis,

121 2949 157 2997 et
169 2957 266 3015 pugna
279 2938 523 3072 levibuflprimum
538 2939 623 2998 armis
642 2941 812 3000 commissa:
834 2943 938 3004 deinde
951 2947 1030 3022 equi-

123 3027 189 3074 turn
203 3015 353 3074 Gallorum
400 3035 620 3107 rsparmrumque
632 3017 744 3077 laevum
758 3039 847 3078 cornu
869 3041 935 3080 cum
960 3024 1030 3080 dex-

123 3105 173 3150 tro
187 3092 319 3152 Romano
333 3095 486 3161 consinsit,
509 3095 626 3152 minime
649 3098 786 3172 equestris
805 3117 884 3158 more
897 3117 1031 3178 pugnae:

120 3168 270 3228 frontibus
283 3171 358 3228 emm
371 3171 497 3230 adversis
515 3174 742 3231 concurrendum
766 3188 837 3243 erat,
861 3181 937 3255 quia,
951 3179 1029 3235 nullo

123 3247 206 3306 circa
219 3245 256 3302 ad
270 3247 446 3324 evagandum
460 3249 560 3306 relicto
574 3251 676 3326 spatio,
690 3251 758 3313 hinc
770 3255 871 3324 amnia,
891 3255 958 3312 hinc
981 3267 1032 3328 ps.-

125 3326 220 3383 ditum
235 3324 311 3382 acies
337 3324 511 3383 claudebant
532 3326 561 3382 in
582 3327 720 3387 directum
746 3332 1032 3407 utrinquenitentes.

126 3402 281 3462 &mribus
294 3418 329 3459 ac
352 3402 486 3462 confertis
509 3416 653 3480 postremo
677 3408 761 3465 turbli
774 3409 863 3482 equis,
881 3405 1032 3480 uiruirum

125 3479 277 3558 ampiexus
291 3477 461 3542 detrahebat
475 3499 558 3559 equo·
579 3484 712 3560 pedestre
725 3483 830 3556 magns
846 3478 906 3556 jam
920 3495 956 3540 ex
969 3491 1034 3556 pur·
