2406 3932
147 205 205 264 196
499 194 534 255 Τ.
563 195 703 261 LIVII

144 363 221 416 osset
240 369 295 431 'pro
319 363 399 430 parto
422 370 473 414 aua
485 353 658 414 concitando
682 351 928 430 belloprofcctua
948 359 1060 436 etipse

140 434 173 490 'in
187 431 353 499 Leontinos,
366 431 431 508 quia
444 430 512 490 satis
521 445 571 494 eos
584 431 722 492 muamus
736 432 871 508 populum
887 433 1057 500 Romanum

143 510 302 568 concitatos
316 510 462 576 cernebat,
475 520 602 571 avertere
617 509 704 571 etiarn
718 509 921 587 absyracusis
939 515 1061 590 ooopitt

143 605 211 644 nam
238 588 278 646 ita
296 605 347 645 cos
374 604 475 662 pacem
500 587 645 663 pepigisse
667 606 735 648 cnm
758 587 905 655 Romanis,
926 603 968 661 ut,
988 591 1057 668 qui-

94 673 96 680 ’
144 682 257 742 cunque
277 663 373 742 popuii
398 665 453 722 sub
476 664 592 740 regibus
605 664 734 734 fuissent,
748 676 777 724 et
797 679 868 726 suaa
881 667 994 731 ditionis
1008 688 1059 730 aa«

144 754 226 809 sent3
254 762 308 802 nec
327 744 388 818 jam
409 741 543 800 libertate
556 753 708 802 contentos
729 761 802 814 esse,
816 744 871 806 uisi
884 745 969 806 ettam
989 766 1058 822 acg-

143 833 213 878 nent
237 838 272 878 ac
299 819 491 880 dominentur·
531 819 773 882 denunciandum
800 822 887 898 igitur
912 824 953 886 sis
978 843 1055 891 asae,

143 897 301 959 Leontinos
325 915 439 974 qnoque
466 915 589 976 aequum
616 917 733 958 censere
758 898 865 962 libarat
892 919 976 969 aase3
1010 901 1057 963 vei

144 976 220 1052 quod
244 975 275 1035 iu
288 974 349 1034 solo
363 974 441 1036 urbis
461 993 530 1037 suae
544 989 681 1054 tyrannus
694 976 840 1046 ceciderit,
854 979 900 1038 rai
923 979 1058 1055 quodibi

143 1053 267 1130 primum
287 1053 501 1117 conclamatum
523 1054 562 1114 ad
588 1053 760 1122 libertatem,
784 1055 946 1132 relictisque
968 1057 1061 1132 regiis

144 1132 267 1196 ducibus
292 1131 447 1208 Syracusas
469 1129 505 1188 sit
527 1149 709 1190 concursum.
749 1133 850 1210 itaqua
863 1146 914 1195 aut
927 1134 1059 1196 enmon-

145 1208 214 1268 dum
227 1209 257 1266 id
270 1209 308 1268 ds
320 1208 436 1271 foedera
453 1225 524 1276 essa,
538 1219 589 1270 ant
604 1209 698 1284 legem
711 1227 775 1270 eam
789 1209 914 1273 foederis
933 1231 993 1272 uon
1006 1231 1057 1272 ao-

144 1286 314 1364 oipiondam.
364 1285 460 1348 Facile
482 1285 657 1349 multitudini
678 1305 868 1376 persuasum
895 1289 1060 1367 legatisque

145 1363 397 1438 Syracusanorum,
411 1379 440 1425 et
454 1363 493 1425 da
514 1363 604 1424 mede
617 1365 748 1424 statronis
768 1367 920 1428 Romanae
934 1385 1056 1444 queren-

143 1441 229 1510 tibus,
244 1451 275 1500 et
296 1441 506 1518 Hippocratem
526 1451 613 1518 atquo
637 1439 796 1519 Epicydem
820 1443 900 1503 abira
923 1463 975 1504 sou
994 1445 1059 1508 Lo·

143 1537 207 1578 cros
231 1537 283 1578 seu
303 1527 360 1598 qno
383 1519 439 1578 alio
462 1519 592 1588 mallent,
606 1518 764 1580 dummodo
787 1517 885 1582 Siciliri
906 1521 1056 1591 oederent,

112 1624 115 1628 ·
143 1597 322 1674 jubentibus,
342 1595 475 1656 ferociter
493 1616 663 1673 responsum
684 1609 753 1658 est:
781 1597 1062 1675 Nequomaudiasse

144 1693 207 1736 sese
229 1673 424 1754 Syracusanis,
438 1685 472 1734 ιιι
490 1694 592 1752 pacem
606 1694 658 1752 pro
680 1693 713 1734 ae
725 1695 793 1736 etun
816 1676 957 1738 Romanis
978 1676 1061 1739 fata-

144 1765 227 1811 rent:
248 1773 342 1831 neque
365 1752 456 1812 teneri
474 1753 573 1810 alienis
586 1752 757 1809 foederibus.
796 1751 883 1812 Haec
895 1753 933 1810 ad
949 1753 1062 1816 Roma·

145 1851 198 1890 nos
219 1830 390 1908 Syracusani
411 1829 584 1897 detulerunt,
597 1830 768 1896 abnuentes,
782 1827 941 1889 Leontinos
959 1830 989 1889 in
1002 1845 1058 1889 sara

144 1919 290 1984 potestate
300 1927 373 1967 asse.
386 1907 483 1987 itaque
502 1906 612 1982 integ-ro
633 1925 732 1966 secum
745 1905 861 1967 foedere
870 1907 981 1968 beilum
996 1909 1059 1970 Ro-

146 2003 326 2043 mauriscum
346 1985 381 2042 iis
402 1995 544 2060 gesturos.
556 2004 650 2061 neque
669 2003 734 2044 sesa
751 1983 901 2046 defuturos
914 1985 942 2044 ei
961 1985 1060 2054 bellua

144 2063 186 2122 ita
200 2073 240 2130 ut,
254 2062 284 2120 in
304 2073 477 2138 potestatem
497 2063 615 2132 redacti,
630 2080 699 2124 attae
712 2079 809 2124 rannus
823 2063 939 2125 ditionis
951 2076 1062 2133 eatam,

144 2141 218 2198 sicut
232 2158 291 2216 pax
305 2141 494 2206 convenisset.
876 2171 879 2176 ·

185 2215 280 2276 XXX.
321 2219 537 2287 Marcomons,
560 2237 627 2282 auru
654 2219 733 2280 omni
758 2219 886 2280 caorcitu
911 2218 1061 2294 profectas

145 2297 174 2354 io
194 2295 361 2365 Leontinos,
378 2297 475 2373 Appio
489 2314 603 2370 quoque
623 2296 726 2363 accito.
743 2307 773 2358 ut
793 2297 883 2378 altera
904 2307 985 2372 parte
1005 2313 1059 2372 ag·

107 2397 111 2408 ¹
146 2373 320 2450 graderetur,
335 2385 417 2432 tanto
439 2371 541 2433 ardore
564 2371 686 2434 militum
708 2387 753 2434 cst
772 2393 841 2436 usus
860 2375 898 2434 ab
919 2374 961 2433 ira
982 2373 1062 2436 inter

148 2451 327 2520 ‘conditiones
348 2449 427 2527 pacis
445 2448 614 2512 intarfoctas
634 2450 774 2520 stationis,
789 2465 821 2514 ut
845 2452 936 2529 primo
949 2452 1061 2528 impeto

148 2533 248 2594 urbem
262 2539 468 2608 eupuguareut
504 2526 704 2604 ,Hippocrates
714 2541 801 2608 atque
816 2529 969 2608 Epicydes,
980 2541 1060 2605 post·

149 2630 235 2684 quam
257 2609 321 2687 capi
340 2627 437 2672 muros
463 2605 635 2684 reirlngique
658 2618 756 2684 portas
777 2607 885 2676 vidire,
909 2608 939 2668 in
962 2623 1061 2670 arcem

147 2705 210 2748 sose
222 2707 290 2746 cum
314 2687 414 2764 paucis
431 2703 577 2762 recoporo.
590 2684 657 2744 iudo
670 2684 744 2746 clam
768 2699 855 2744 nocte
880 2687 1061 2747 arabessum

147 2761 320 2838 perfugiunt.
361 2763 557 2840 Syracusanis,
581 2775 649 2822 octo
673 2761 792 2821 millium
813 2773 987 2820 armatorum
1007 2779 1062 2834 ag·

146 2838 223 2900 mine
236 2837 371 2914 proiectis
385 2842 481 2906 domo,
491 2841 529 2896 ad
543 2839 654 2912 Mylan
669 2839 775 2900 flumen
788 2835 911 2896 nuncius
923 2838 1060 2906 occurrit,

147 2927 261 2992 captam
275 2915 494 2980 antemnam
521 2925 618 2972 catera
639 2913 711 2971 falsa
736 2912 826 2970 mixtu
848 2911 923 2970 veris
945 2911 1063 2977 forans:

88 3031 90 3036 κ
149 2993 266 3060 caedam
280 2987 472 3068 prdmiscuam
485 2989 605 3047 militum
619 2997 710 3064 atquo¹
720 2985 927 3064 oppidanorum
939 2989 1060 3062 factam,

147 3089 203 3149 poc
224 3085 385 3148 quanquam
408 3070 547 3146 puberem
570 3065 699 3129 arbitrari
721 3084 887 3144 superesse:
917 3065 1062 3145 direptam

149 3151 272 3210 urbem:
299 3150 381 3214 iruna
403 3146 589 3232 locupletium
611 3144 727 3206 donata.
768 3144 818 3204 Ad
839 3144 976 3208 nuncium
998 3160 1060 3212 tam

149 3239 276 3295 atrocum
302 3226 431 3287 constitit
457 3243 583 3301 agmen:
606 3219 821 3300 ¹ctrnoitatisque
835 3225 979 3284 ,omnibus
1004 3225 1061 3288 da-

149 3324 207 3374 ces,
231 3306 323 3380 (eraat
347 3315 444 3364 autem
471 3303 548 3366 Susis
571 3322 606 3362 ac
630 3302 818 3378 Dinomenes)
841 3301 910 3378 quid
931 3314 1061 3378 agenardi

149 3384 360 3444 consultabant.
401 3381 529 3448 ‘ferroris
549 3383 674 3460 speciem
693 3379 773 3442 haud
786 3397 888 3440 vanam
909 3380 1059 3442 mesomio

148 3462 340 3530 praebuerant
360 3461 500 3524 verberati
519 3478 553 3525 ac
575 3457 667 3524 securi
687 3458 816 3535 percussi
838 3458 999 3535 transfugae
1018 3455 1058 3518 nd
