2406 3932
435 199 600 290 murs
631 223 745 287 xxm.
776 203 781 214 '
986 223 1042 292 rra

117 389 119 394 ’
136 391 291 456 agnoscere
304 377 418 439 ordines
433 397 508 442 euos.
527 379 602 440 inter
618 397 696 459 quse
712 380 841 444 maxima
860 379 957 442 heret
976 395 1044 444 cura

136 455 212 525 duci,
227 457 321 535 itaque
335 456 438 532 legetis
450 457 627 536 tribunisque
640 469 836 537 praeceperat,
857 477 894 518 ue
917 475 974 536 qua
994 477 1044 520 axe

135 536 265 610 probatio
283 535 420 613 cuiquam
439 535 542 594 veteris
561 537 692 596 fortunae
710 535 881 597 discordiam
905 535 979 596 iuter
998 556 1044 597 ore

91 637 94 649 =
135 613 216 674 dines
233 624 357 674 sereret:
377 623 460 672 vetus
480 611 562 670 miles
581 612 675 682 tironi,
696 613 767 680 iiber
791 614 884 674 voloni
908 629 973 674 sese
992 627 1042 674 ex·

134 693 249 768 aequari
263 690 378 750 sinerer.
396 709 498 750 omnes
514 688 584 749 ¹satis
604 689 739 750 honestos
755 700 965 771 generososque
989 691 1042 754 oo,
1087 742 1093 746 .

133 779 241 836 cerem,
270 768 478 844 quibuevarme
504 783 556 830 sua
582 765 719 844 signaque
742 772 863 846 populus
891 771 1041 834 Romanus

134 845 334 914 commisisset.
359 860 432 922 quae
457 847 573 906 fortuna
599 845 740 921 co'e'gisset
766 847 806 906 ita
826 847 895 917 ficri,
918 849 1041 914 eandem

118 925 239 1000 'cogere
262 921 335 982 tueri
358 923 475 984 sactum.
515 923 560 982 Ea
583 941 641 982 non
665 926 773 1001 majore
796 927 866 984 curi
887 939 1042 1004 praecepte

132 1004 171 1065 ab
185 1000 307 1060 ducibus
321 1013 500 1078 contonam
523 1001 699 1060 amiiitibus
719 1002 887 1069 observater
906 1005 1042 1080 breuique
1119 1049 1122 1056 .

132 1081 215 1140 tanti
228 1079 383 1139 concordii
401 1079 566 1139 coaiuerant
585 1080 714 1139 omnium
734 1079 830 1148 animi,
850 1089 881 1138 ut
904 1081 1043 1156 propeia

132 1156 305 1218 oblivionem
313 1156 447 1227 reniret„
456 1175 514 1234 qua
527 1176 563 1216 ex
576 1156 740 1216 conditione
753 1158 874 1235 quisque
894 1169 981 1224 esset¹
990 1158 1042 1217 mi·

132 1235 290 1307 ies-iactus
332 1235 416 1294 Haeo
434 1234 541 1310 egenti,
562 1235 697 1294 Graccho
717 1235 804 1314 legati
826 1234 949 1296 Cumani
969 1253 1042 1296 nuu-

131 1314 253 1381 cidrunt,
268 1312 544 1390 quaeacampanis
564 1313 671 1390 legatio
690 1325 798 1390 paucos
818 1323 887 1373 ante
911 1311 971 1372 dies
991 1332 1039 1373 ve·

132 1391 231 1458 nisset,
259 1401 288 1448 et
309 1389 384 1466 quid
413 1389 447 1448 iis
473 1390 526 1467 ipsi
552 1389 789 1468 respondissentr
823 1389 948 1450 triduum
973 1399 1041 1467 ‘post

130 1487 199 1530 eum
211 1466 288 1530 diem
300 1467 405 1527 festum
419 1487 501 1526 esse:
521 1486 579 1528 non
598 1468 842 1530 senatumsoium
863 1486 981 1530 omnem
1000 1467 1042 1530 ihi

54 1559 57 1566 ’
130 1545 269 1612 futurum,
296 1545 356 1604 sed
374 1556 470 1602 castra
495 1542 582 1602 etiam
608 1556 639 1604 et
666 1544 825 1606 exercitum
852 1545 1042 1622 Campanum

131 1623 292 1688 Gracchus,
310 1620 397 1698 jussis
410 1621 547 1679 Cumanis
561 1621 658 1680 omnia
677 1640 715 1680 err
726 1622 801 1700 agris
814 1623 844 1682 in
857 1623 958 1682 urbem
972 1641 1045 1682 con—v

130 1699 244 1770 vehere,
264 1709 294 1757 et
315 1715 430 1756 manere
449 1698 529 1755 intra
547 1717 653 1767 muros,
672 1698 735 1776 ipse
757 1700 858 1777 pridie,
878 1719 963 1777 quem
983 1712 1040 1760 sta·

130 1787 193 1838 tum
211 1775 382 1844 sacrificium
407 1775 562 1852 Campanis
583 1787 668 1846 esset,
690 1777 798 1836 Cumas
822 1788 918 1838 movet
937 1787 1041 1838 castra.

130 1855 245 1921 Hamae
259 1848 394 1912 indetrie
406 1853 494 1912 miliia
507 1871 643 1931 passuum
655 1854 771 1913 absunt.
810 1855 877 1916 iem
899 1855 1040 1932 Campani

129 1951 166 1994 eo
192 1925 356 2008 frequentes
386 1949 424 1988 ex
449 1931 608 2007 composito
635 1944 837 2000 convenerant,
855 1931 1040 2011 ‘necprocui

129 2007 198 2068 inde
224 2008 252 2066 in
277 2006 392 2069 occuito
415 2006 527 2064 Mariua
551 2008 645 2066 Alfius
668 2009 879 2070 Medirrtuticus
899 2013 1041 2087 (summus

129 2085 315 2164 magistratus
329 2097 390 2145 erat
405 2084 573 2160 Campanis)
592 2101 658 2144 cum
677 2088 893 2162 quatuordecim
913 2087 1061 2148 miiiiitur·

129 2173 303 2224 armatorum
318 2161 447 2223 habebat
460 2173 571 2228 castrru
597 2163 736 2222 sacrificio
749 2164 922 2240 apparando,
943 2177 973 2225 et
994 2165 1037 2224 in·

128 2255 173 2304 ter
186 2241 216 2302 id
230 2239 413 2300 instruendae
426 2239 526 2306 fraudi,
540 2239 687 2318 aliquanto
705 2239 849 2308 intentior,
870 2261 955 2318 quam
975 2261 1039 2302 mu-

128 2319 241 2382 ciendis
250 2318 365 2388 castris,
379 2327 431 2376 aut
443 2317 492 2378 uiii
507 2317 620 2376 militari
640 2319 731 2396 operi.
773 2318 912 2378 Triduum
932 2321 1039 2382 sacrifi·

128 2409 226 2458 catum
240 2397 415 2458 adHamast
455 2394 635 2456 Nocturnum
648 2409 709 2456 erat
723 2415 845 2466 socrum,
869 2397 913 2456 ita
924 2411 956 2457 ut
966 2410 1038 2457 cute

128 2473 253 2535 mediam
279 2487 395 2534 noctem
422 2473 621 2551 compleretur.
662 2473 741 2533 Huic
763 2474 913 2534 Gracchus
941 2475 1038 2532 insidi·

127 2553 236 2614 amium
260 2552 382 2628 tempori
402 2561 490 2618 ratus,
510 2550 679 2616 custodibus
697 2551 734 2608 ari
756 2564 853 2626 portas
872 2550 981 2627 positis,
1001 2569 1039 2610 ne

128 2631 193 2709 quIs
214 2629 368 2688 enunciare
390 2637 486 2705 posset
509 2639 622 2704 coepta,
642 2639 672 2687 et
692 2629 730 2686 ab
753 2627 865 2685 decima
886 2626 943 2686 diei
963 2627 1037 2690 horti

128 2707 237 2770 coactis
251 2704 390 2764 mssitibus
401 2722 521 2780 corpora
541 2721 649 2772 curare,
667 2722 967 2785 somnoqueloperem
985 2706 1037 2767 da·

127 2807 170 2856 re,
184 2796 217 2846 ut
230 2783 328 2862 primis
341 2781 467 2842 tenebris
487 2780 639 2842 convenire
652 2781 689 2840 ad
713 2782 824 2858 signum
848 2795 973 2860 possent,
991 2785 1037 2844 ¹rri-

125 2864 194 2942 grtia
206 2863 296 2924 ferme
310 2861 402 2940 prima
422 2859 482 2920 tolli
498 2857 583 2937 jussit
603 2858 700 2936 signa,
723 2859 1038 2952 silentiquetproiectus

17 2962 20 2970 ·
127 2941 249 3020 agmine,
264 2960 352 3019 quum
366 2939 404 3000 ad
417 2939 529 2998 Hamas
553 2937 648 2996 medici
667 2949 752 2998 nocte
770 2953 953 3016 pervenisset,
974 2960 1037 3002 cas·

127 3031 172 3080 tra
185 3021 343 3097 Campana,
364 3029 397 3076 ut
417 3016 446 3074 in
467 3014 614 3092 pervigilio
634 3016 776 3093 neglecte,
796 3017 880 3077 simul
900 3021 1033 3079 omuibus

127 3098 217 3176 portis
230 3097 357 3157 invadit:
378 3094 449 3152 alios
462 3112 562 3152 somno
576 3103 689 3162 stratos,
710 3094 780 3153 alios
812 3109 977 3174 perpetrato
990 3114 1034 3154 sa·

128 3177 178 3234 cro
191 3173 313 3232 inermes
326 3172 490 3238 redeuntes,
510 3172 672 3231 obtruncat.
692 3171 838 3230 hominurn
853 3193 887 3232 eo
908 3174 1035 3233 tumultu

124 3251 270 3322 nocturno
288 3269 374 3310 caera
393 3249 457 3327 pius
478 3248 537 3306 duo
557 3249 655 3316 miliia,
674 3263 740 3308 curn
760 3249 822 3327 ipso
843 3250 919 3310 duce
939 3251 1035 3310 Mario

128 3330 224 3390 Alfio:
245 3340 330 3404 capta
344 3338 410 3387 sunt
424 3327 504 3402 signa
518 3325 648 3386 militarie
661 3335 824 3405 quatuor'et
838 3327 962 3402 triginta.

165 3405 306 3466 XXXVI.
346 3405 534 3473 Ganccrrus,
549 3404 642 3464 minus
664 3419 781 3466 centum
799 3403 922 3476 militum
939 3404 1034 3479 jactu.

125 3487 157 3548 ri
177 3484 278 3546 castris
299 3483 426 3546 hostium
446 3482 563 3563 potitus,
589 3482 695 3542 Cumas
722 3500 753 3540 se
774 3496 894 3555 propere
916 3484 1035 3562 recepit,
