2534 4010
179 181 220 240 ω
535 173 571 236 Τ.
600 174 742 236 lell

181 333 260 392 eires
273 329 431 410 sociusque,
445 341 588 393 vetustate
608 335 669 411 jam
692 349 782 412 prope
801 328 908 389 oblitos
919 329 1095 410 ejus-impe-

159 445 161 450 ·
178 409 224 478 rii,
238 408 373 477 fecissen
393 410 493 468 literae
505 413 543 469 ab
557 413 631 472 urbe
643 411 748 470 allatae
761 423 836 476 sunt,
857 425 945 466 naves
968 409 1096 468 onerari·

179 497 437 556 sacamentum
459 489 496 545 ab
521 489 605 548 Ostia
628 489 658 546 in
683 487 851 566 Hispaniam
874 484 912 542 ad
931 487 1098 545 exercitum

179 573 369 644 portantes,a
391 564 483 624 classe
500 565 609 625 Punica
621 567 698 625 cirea
720 575 833 643 portum
856 563 1003 622 Cosanum
1025 583 1096 642 cap-

178 653 227 700 tas
240 660 312 700 esse.
351 641 454 720 Itaque
465 645 611 723 extemplo
625 643 726 703 consul
740 643 853 701 Ostiam
877 639 1019 718 proficisci
1030 643 1096 716 jus·

181 739 240 788 sus,
255 717 440 796 navibusque,
465 740 539 798 quae
559 721 598 779 ad
622 724 722 781 urbem
746 720 909 777 Romanam
924 730 974 776 aut
987 717 1093 777 Ostiae

180 807 287 865 went
315 797 466 875 completis
487 799 577 858 milite
600 819 636 858 ae
662 797 812 856 navalibus
837 797 932 864 sociis,
958 796 1093 873 persequi

176 875 306 934 bostium
321 875 451 944 classem,
475 895 517 935 ae,
531 877 628 935 littora
648 875 749 950 ltaliae
772 876 870 932 tutari.
919 874 1032 950 Magna
1050 873 1099 940 vis

177 952 505 1032 bominum-conscripta
520 955 631 1012 Romae
651 963 728 1011 erat:
762 951 889 1010 libertini
912 952 1011 1022 etiam,
1033 951 1094 1029 qui-

165 1031 236 1089 xbus
249 1030 330 1088 liberi
343 1043 448 1099 essent,
463 1042 493 1088 et
506 1042 584 1089 aetas
598 1029 737 1100 militaris,
761 1029 791 1085 in
805 1030 893 1088 verba
913 1031 1092 1105 juraverant.

179 1107 228 1165 Ex
241 1107 298 1167 hoc
312 1109 420 1165 urbano
434 1109 573 1174 exercitu,
588 1107 636 1185 qui
652 1108 777 1166 minores
798 1104 923 1184 quinque
937 1115 967 1163 et
992 1104 1093 1182 trigin-

175 1197 210 1242 ta
222 1185 305 1243 annis
318 1195 408 1253 erant,
428 1186 457 1242 in
468 1204 556 1244 naves
566 1185 709 1264 impositi:
743 1184 800 1255 alii,
815 1196 847 1242 ut
862 1183 924 1241 urbi
945 1182 1092 1260 praeside-

175 1274 250 1328 rent,
265 1261 365 1318 relicti.
959 1285 967 1296 ·
1065 1313 1070 1320 .

216 1337 285 1393 ΧΗ.
307 1338 490 1410 Drcsaroa,
505 1341 634 1400 exercitu
657 1337 783 1396 eonsulis
806 1349 930 1416 accepto
951 1358 970 1397 a
989 1338 1092 1398 Fulvio

175 1413 281 1472 Flacco
294 1413 399 1489 legato,
420 1435 472 1492 per
495 1437 596 1495 agrum
622 1415 762 1474 Sabinum
787 1415 889 1483 Tibur,
904 1435 963 1492 quo
983 1417 1033 1474 die
1054 1417 1091 1475 ad

171 1489 404 1549 conveniendum
427 1493 557 1552 edixerat
587 1494 668 1552 novis
703 1492 852 1562 militibus,
885 1493 987 1550 venit:
1021 1493 1092 1552 inde

169 1566 340 1636 Praeneste,
354 1585 389 1626 ae
402 1575 570 1630 transversis
584 1571 724 1629 limitibus
738 1570 767 1627 in
781 1569 864 1627 viam
881 1569 1020 1628 Latinam
1044 1583 1091 1630 est

171 1661 325 1720 masos:
354 1647 440 1716 unde,
461 1648 611 1706 itineribus
631 1665 745 1704 summa
758 1667 825 1704 cum
841 1665 911 1704 cura
925 1649 1092 1724 exploratis,

169 1721 212 1778 ad
225 1721 339 1781 hostem
358 1723 446 1790 ducit,
474 1724 553 1778 nullo
576 1723 650 1786 loco,
673 1721 729 1775 nisi
760 1732 902 1794 quantum
920 1729 1092 1785 mecessitas

168 1811 298 1872 cogeret,
322 1798 452 1853 fortunae
475 1813 507 1850 se
531 1795 745 1850 commissurus.
800 1797 868 1859 Quo
891 1797 1018 1874 primatu
1041 1803 1090 1861 die

127 1927 131 1934 ,
167 1871 247 1927 lraud
262 1871 360 1944 procul
375 1869 461 1943 Arpis
485 1868 514 1922 in
538 1880 698 1944 conspectu
720 1869 849 1929 hostium
865 1875 962 1951 posuit
982 1891 1089 1950 castra,

162 1943 245 2002 nulla
261 1959 340 1998 mora
351 1943 437 2009 sacta,
459 1942 527 2018 quin
552 1943 670 2003 Poenus
684 1945 823 2008 educeret
836 1951 866 2008 in
880 1953 984 2025 aciem,
1009 1960 1091 2035 eopi-

163 2036 272 2094 amque
292 2019 438 2094 pugnandi
459 2019 578 2079 faceret.
608 2023 671 2093 sed,
694 2025 745 2082 ubi
770 2029 869 2105 quieta
892 2033 991 2091 omnia
1010 2037 1090 2114 apud

160 2093 272 2180 hostes,
294 2111 347 2152 nee
360 2107 455 2154 castra
468 2097 527 2154 ullo
542 2100 670 2158 tumultu
691 2115 780 2174 mota,
804 2106 902 2175 videt;
933 2111 1088 2188 increpans

161 2167 291 2256 quidem,
306 2171 397 2230 victos
418 2173 535 2230 tandem
560 2193 677 2252 quoque
701 2179 828 2239 Martios
842 2185 955 2241 animos
977 2187 1090 2246 Roma·

159 2261 215 2311 nis,
231 2244 475 2324 debellatumque,
495 2260 526 2306 et
549 2267 722 2310 concessum
747 2259 898 2334 propalam
922 2262 960 2318 de
980 2263 1089 2326 virtute

160 2335 198 2376 aa
211 2319 305 2396 gloria
318 2341 390 2393 esse,
405 2325 433 2379 in
448 2337 543 2382 castra
562 2327 666 2384 rediit:
698 2342 831 2390 ceterum
852 2335 944 2396 tacita
965 2345 1038 2402 cura
1057 2362 1089 2402 a·

158 2393 274 2484 nimum
288 2399 429 2468 incensus,
445 2401 522 2477 quod
537 2421 604 2461 cum
619 2405 705 2476 dune,
726 2408 955 2491 haudquaquam
981 2419 1088 2480 Flami.

155 2487 206 2530 nto
236 2473 462 2556 Sempronioque
486 2478 580 2549 simili,
600 2481 699 2542 futura
719 2485 775 2545 sibi
789 2509 836 2548 res
850 2504 938 2562 esset,
960 2515 995 2554 ao
1020 2508 1086 2559 tum

158 2545 290 2621 demum,
305 2554 399 2613 edocti
414 2553 505 2623 malis,
522 2556 648 2618 Romani
693 2577 774 2622 arem
796 2568 958 2629 Hannibali
978 2575 1089 2636 ducem

157 2627 350 2692 quaesissent.
371 2643 400 2691 et
414 2632 597 2709 prudentiam
612 2637 659 2715 qui
683 2659 740 2710 em,
762 2665 822 2704 non
846 2649 914 2718 vim,
936 2651 1090 2716 dictatoris

154 2701 306 2772 extemplo
320 2706 423 2763 timuit.
444 2715 638 2795 constantiam
659 2717 739 2776 baud
764 2723 833 2780 dum
855 2739 1003 2800 expertus,
1025 2734 1088 2806 agi.

152 2777 217 2824 We
231 2787 268 2828 fle
283 2785 394 2863 tentare
417 2797 546 2866 animum
568 2792 713 2847 movendo
738 2799 842 2853 crebro
863 2815 969 2870 castra,
990 2823 1086 2880 popu.

152 2841 301 2932 landoque
315 2869 344 2940 ip
358 2852 451 2909 oeulis
465 2859 528 2929 ejus
542 2875 629 2933 agros
642 2866 798 2936 sociorum,
821 2875 928 2948 coepit,
950 2890 980 2935 et
994 2883 1086 2943 modo

152 2929 244 2978 rateto
260 2939 377 3018 agmine
390 2945 407 2986 e
421 2943 581 3018 conspectu
596 2937 706 3007 abibat,
728 2945 818 3002 modo
842 2964 965 3026 repente
985 2955 1015 3013 in
1030 2961 1084 3018 ali.

151 3011 210 3072 quo
238 2997 318 3061 flexu
351 3021 422 3074 vtae,
456 3023 479 3062 st
514 3011 651 3090 excipere
685 3017 855 3096 degressum
890 3028 920 3087 in
954 3051 1085 3113 aequum

152 3085 261 3147 postet,
275 3079 411 3170 occultus
424 3083 613 3147 subsistebat.
644 3092 754 3156 Fabius
765 3121 817 3178 per
830 3104 897 3164 loca
904 3108 966 3168 alta
974 3131 1084 3190 agmen

152 3145 291 3222 ducebat,
306 3155 420 3214 modico
434 3159 471 3218 ab
487 3160 573 3222 hoste
597 3169 761 3246 intervallo,
786 3193 819 3238 ut
843 3203 940 3263 neque
965 3194 1084 3256 omitte·

151 3235 195 3283 ret
209 3241 289 3298 eum,
312 3249 408 3310 neque
430 3241 667 3313 conpederetur.
718 3255 839 3328 Castris,
859 3263 916 3321 nisi
937 3283 1082 3345 quautam

149 3311 230 3444 ΙΨ.
242 3310 406 3448 pppessarip
428 3328 556 3389 cogeret,
584 3327 743 3423 tenebatur
767 3337 861 3398 miles.
893 3346 1034 3421 pabulum
1050 3362 1082 3410 et

314 3393 634 3472 praepeditionem
656 3424 777 3484 passim.
798 3419 930 3495 equitum
951 3425 1081 3502 levisque
