2534 4010
202 187 240 262 it
552 192 590 256 u.
617 169 758 254 ttvrr
804 239 807 246 .

199 365 284 434 parte
307 354 452 429 superiore
473 353 551 432 ripae
563 353 723 430 religatam,
738 352 834 435 pontia
846 351 875 412 iu
890 351 1008 410 madum
1021 349 1109 412 humo

200 433 308 510 injecti
334 441 573 500 constraverunt,
603 427 635 490 ut
661 431 775 490 belluae
801 430 939 490 audacter
959 429 1040 488 uelut
1061 448 1110 508 per

201 511 295 570 solum
322 509 554 586 ingrederentur.
581 509 671 568 altera
705 511 783 580 ratis,
810 527 901 586 aeque
926 507 995 576 lata,
1012 509 1110 584 longa

201 588 291 665 pedes
310 589 497 658 contumaci
526 588 726 666 trajiciendum
748 589 854 646 flumen
874 597 952 663 apta,
972 585 1041 644 huic
1060 606 1109 644 co·

200 666 300 742 palata
326 675 388 724 est:
417 679 456 737 et,
482 683 582 744 quum*
597 667 751 744 elephanti,
774 685 825 742 per
847 665 980 724 stabilem
1006 676 1107 734 ratem,

198 757 336 822 tanquam
362 744 447 812 viam,
478 741 741 822 praegredientibus
766 743 888 812 faminis,
912 743 978 811 acti,
998 743 1029 800 in
1055 743 1108 800 mi-

197 841 299 880 norem
323 823 494 900 applicatam
518 821 686 900 transgressi
700 832 783 888 sunta
806 823 952 900 extemplo
966 820 1107 888 resolutis,

198 901 303 977 quibus
329 899 440 959 leviter·
452 917 565 962 annexa
588 911 658 970 erat,
679 899 807 968 vinculis,
832 901 869 958 ab
882 901 1037 960 ractuariis.
1057 897 1107 957 uli·

196 991 268 1056 quot
294 979 415 1037 navibus
438 979 620 1038 adalteram
646 979 736 1056 ripam
758 977 942 1055 pertrahitur.
955 978 996 1035 ita
1008 979 1107 1053 primis

195 1058 345 1134 expositis,
373 1058 419 1116 alii
447 1050 557 1116 deiude¹
575 1055 690 1134 repetiti
713 1053 758 1115 ae'
772 1055 885 1133 trajecti
905 1066 985 1112 suut.
1026 1054 1106 1112 Nihil

194 1153 267 1194 aare
287 1136 479 1212 trepidabant,
500 1135 593 1194 donec
614 1136 772 1194 continenti
792 1134 872 1200 velut
884 1147 1105 1212 ponta-ageren-

196 1225 252 1270 tur.
279 1213 387 1289 primus
411 1224 472 1271 erat
498 1231 595 1289 pavor,
622 1234 724 1292 quum*
738 1215 832 1272 soluta
858 1215 895 1271 ab
911 1212 1022 1270 *ceteris
1043 1223 1105 1270 rate

197 1291 226 1346 in
240 1291 329 1348 altum
340 1303 521 1367 raperentur.
544 1292 594 1360 ibi,
617 1305 750 1367 urgentes
769 1291 846 1360 inter
868 1309 910 1359 se,
935 1289 1104 1350 cedentibus

196 1368 332 1426 extremis
358 1370 396 1427 ab
423 1387 507 1446 aqua,
531 1370 727 1446 trepidationis
754 1369 930 1445 aliquantum
959 1369 1104 1432 edebantr

194 1445 289 1505 donec
316 1447 442 1523 quietem
468 1447 530 1525 ipso
544 1449 642 1506 timor
666 1446 973 1524 circumspectantibus
991 1447 1102 1520 'aquam

195 1524 320 1584 fecisset.
334 1524 469 1584 excidere
492 1527 579 1586 etiarn
596 1522 766 1586 ¹saterientes
790 1524 912 1603 quidam·
930 1525 960 1580 in
979 1522 1103 1580 flumen.

195 1602 256 1678 aed,
280 1603 408 1680 pondere
434 1605 497 1684 ipso
522 1606 649 1676 stabiles,
677 1605 807 1682 dejectis
823 1603 992 1673 rectoribus,
1016 1620 1103 1678 quaen

159 1727 163 1734 .
192 1681 292 1758 treadis
303 1682 575 1762 pedetentim‘vadis
588 1687 619 1739 in
633 1695 737 1758 terram
748 1697 878 1736 evasere.
910 1753 914 1758 Ι
1092 1701 1097 1715 ’

233 1761 345 1820 XXlX.
385 1763 465 1818 Dua
491 1758 636 1830 elephanti
656 1755 849 1829 trajiciuntur,
877 1754 992 1812 interim
1017 1756 1102 1812 Han·

192 1839 271 1895 nibal
294 1836 435 1892 Numidas
458 1832 571 1908 equites
592 1831 766 1906 quingentos
784 1831 822 1889 ad
848 1831 1102 1903 castra-,Romana

191 1915 307 1971 miserm
327 1910 515 1985 speculatum,
530 1908 590 1978 ubi,
606 1919 639 1968 et
662 1921 787 1988 quantae
810 1913 911 1988 copiae
927 1911 1043 1978 esseut,
1068 1911 1120 1970 λἐι,

191 1989 259 2068 quid
273 1999 415 2064 pararent.
457 1985 536 2045 Huic
549 1987 612 2046 alae
623 1988 762 2067 equitum,
772 1989 860 2060 missi,
870 2001 903 2048 ut
913 1989 1101 2050 antedictum

142 2063 143 2076 ¹
190 2079 243 2136 eat,
257 2067 295 2124 ab
309 2065 383 2124 ostio
395 2063 539 2143 Rhodani,
549 2069 672 2128 trecenti
694 2068 891 2128 Romanorum
915 2065 1030 2145 eqirites
1053 2089 1101 2128 oc·

189 2153 316 2204 ceruini.
336 2145 476 2222 praelium
503 2147 637 2218 atrocius,
662 2165 746 2224 quam
765 2165 819 2224 pro
832 2138 952 2204 humero
970 2164 1101 2222 pugnan-

189 2223 271 2294 tium,
296 2224 397 2284 editur.
422 2225 525 2296 ·'Nam,
538 2237 664 2303 praeter
685 2225 777 2282 multa
794 2225 920 2293 vulnera,
941 2223 1046 2281 caedes
1069 2243 1099 2282 e·

189 2301 370 2380 tiamprdpe
392 2313 445 2380 par'
467 2305 601 2382 utrinque
614 2299 687 2362 luite
707 2303 832 2380 fugaque
849 2310 881 2360 et'
894 2317 983 2380 pavor
996 2300 1098 2360 Numi-

189 2380 297 2442 darum·
312 2381 460 2451 Romania,
479 2386 542 2461 jam
559 2383 715 2442 admodum
734 2381 825 2450 fessis,
842 2381 999 2438 victoriam·
1009 2379 1098 2438 dedit

188 2460 311 2520 victores
331 2459 369 2518 ad
389 2472 506 2520 centum
526 2462 685 2539 sexaginta,
701 2475 756 2520 nec
777 2477 877 2518 omnes
898 2458 1098 2528 Romanitas

187 2557 254 2617 pars
268 2539 438 2609 Gallorum3
457 2541 524 2600 victi
535 2539 660 2619 amplius
673 2539 790 2598 ducenti
812 2537 988 2600 ceciderunt.
1029 2537 1097 2596 Hoc

187 2617 357 2694 principium
372 2673 376 2680 ,
393 2620 477 2678 simul
490 2631 499 2700 Ἰ
514 2631 657 2697 omenque
683 2618 760 2698 belli,
789 2632 820 2677 ut
847 2635 976 2676 summae
1002 2633 1097 2675 rerum

187 2703 356 2770 prosperam
379 2709 524 2766 arentum,
549 2700 590 2756 ita
608 2699 687 2758 haud
703 2715 774 2756 saue
786 2698 974 2760 incruentam,
989 2697 1055 2751 anci
1075 2696 1097 2749 i·

186 2769 481 2845 risqueeertamints,
508 2774 657 2831 victoriam
671 2772 823 2826 'Romania
849 2767 1002 2845 portendit.
1074 2783 1095 2838 t,

185 2863 218 2903 re
243 2845 284 2905 ita
300 2848 397 2922 ge'stri',
421 2847 459 2904 a'd
478 2857 635 2923 ¹atrumque
660 2846 765 2902 ducem
791 2844 836 2902 sui
855 2843 1018 2914 'redierunt
1040 2863 1095 2905 nec

186 2923 404 3000 Scipionistare
417 2924 561 2983 sententia
573 2931 695 3002 poterut,
709 2921 764 2980 uisi
777 2934 810 2982 ut
823 2941 860 2982 ex
871 2921 996 2981 consiliis
1008 2939 1094 3002 coep·

185 3001 391 3077 cisquehbstis
408 3013 438 3060 et
460 3003 522 3081 ipse
540 3013 660 3062 conatus
681 3013 816 3078 caperet:
836 3012 867 3063 et
888 3001 1094 3076 Hannibalem,

185 3079 335 3152 mertum,
348 3089 446 3154 utrum
461 3094 596 3161 coeptum
619 3081 648 3140 in
673 3081 785 3140 ltaliam
806 3081 967 3146 intenderet
979 3077 1042 3151 iter,
1056 3101 1094 3146 an

186 3168 254 3218 uum
265 3174 313 3229 eo,
332 3160 511 3239 qui-primus
535 3181 569 3221 se
592 3159 745 3234 obtulisset
767 3160 924 3219 llotnanua·
939 3163 1091 3230 exercitur,

182 3252 288 3296 manus
314 3249 486 3311 consereret,
511 3240 649 3316 avertite
674 3239 993 3318 praesenticertamine
1007 3237 1092 3318 Bojo·

184 3330 250 3378 riam
273 3317 434 3397 legatorum
458 3319 605 3398 regulique
619 3319 730 3396 Magali
743 3319 901 3378 adventus:
922 3317 980 3396 qui,
995 3338 1026 3376 se
1038 3321 1091 3374 due

186 3396 236 3451 ces
261 3397 406 3472 itinerum,
428 3399 522 3458 socios
543 3398 671 3491 periculi,
694 3397 755 3456 fore
777 3398 959 3468 affirmanter,
980 3397 1090 3470 integra

183 3471 272 3542 wib
285 3485 432 3560 nusquam·
446 3491 514 3540 ante
534 3477 630 3540 libatis
650 3477 765 3548 viribus,
790 3473 1091 3554 ltaliani‘ag'gredien*
