2364 3938
28 1791 41 1888 ‘L
62 1868 80 1886 ,„
105 1849 109 1865 ,
136 1855 139 1864 Α
167 1795 246 1886 diue,
274 1803 429 1890 agebatqr,

119 1903 125 1911 ²
167 1875 322 1954 catapultis
331 1867 443 1935 balistis
466 1897 482 1934 u

70 2107 73 2117 ”
169 2109 277 2168 endum
301 2109 339 2166 ab
363 2109 420 2167 imo
446 2129 558 2168 murum
585 2111 682 2170 mittit.
704 2129 758 2172 nec
781 2131 829 2171 ea

173 248 210 305 ro
405 195 408 199 ¹
460 213 463 220 ’
523 243 557 300 r.
587 207 728 300 n1v'11

47 427 53 437 ·
93 387 100 394 ’
171 397 453 476 Karthaginiensium
479 397 610 458 societati
635 409 801 476 praeponat.
845 397 925 454 Dum
954 394 1081 456 Romani

165 489 284 554 'tempus
305 487 402 536 temnt
425 475 617 552 legationibus
643 475 798 545 mittendis,
827 474 984 544 Hannibal,
1012 475 1082 553 quia
1175 473 1176 480 ’

112 577 116 582 ’
169 557 276 615 fessum
289 555 408 613 militem
420 554 534 631 proeliis
554 555 745 632 operibusque
764 554 900 624 habebat,
921 571 1082 631 paucorum

170 632 204 692 iis
224 632 333 692 dierum
354 632 479 709 quietem
499 632 588 702 dedit,
609 633 779 692 stationibus
798 632 835 691 ad
857 631 1017 692 custodiam
1039 630 1081 688 vi-

170 716 290 768 nearum
314 709 491 788 aliorumque
514 730 632 789 operum
656 710 808 787 dispositis.
830 711 943 768 interim
967 709 1082 767 animos
1126 773 1130 780 ,

173 805 273 845 eorum
286 807 364 846 nunc
376 787 419 848 irai
430 789 460 846 in
473 788 572 848 hostes
585 788 767 856 stimulando,
787 807 864 846 nunc
885 807 898 846 s
921 809 936 847 e
956 788 1081 866 praemi-

171 884 263 934 orum,
277 865 419 924 accendit.
455 867 501 926 -Ut
514 886 581 926 vero
594 865 798 944 proconcione
818 885 869 944 pra
908 885 955 924 arn
974 877 1080 944 captae

171 943 250 1002 urbis
263 943 352 1002 edixit
365 944 487 1004 militum
500 944 571 1012 fore,
591 943 664 1002 adeo
684 945 799 1002 accensi
819 963 918 1005 omnes
939 955 1015 1012 sunt,
1035 955 1080 1012 ut,¹

171 1021 194 1092 si
208 1023 354 1100 extemplo
366 1022 479 1100 signum
491 1021 591 1080 datum
606 1032 691 1090 esset,
711 1021 791 1080 nulla
810 1023 836 1079 vi
856 1023 948 1081 resisti
969 1020 1080 1081 videre·

170 1110 217 1158 tur
230 1119 324 1178 posse.
365 1099 515 1176 Saguntini
536 1111 568 1157 ut
588 1117 606 1157 a
626 1100 739 1176 proeliis
762 1099 889 1178 quietem
906 1100 1080 1168 habuerant,

105 1219 109 1227 .
171 1197 226 1236 nec
246 1178 419 1237 lacessentes
439 1196 493 1236 nec
505 1177 638 1236 lacessiti
658 1196 710 1256 per
733 1178 840 1256 aliquot
860 1178 939 1246 dies;
958 1177 1000 1238 ita
1020 1197 1079 1234 non
1175 1215 1176 1222 κ

170 1267 265 1322 nocte,
280 1273 336 1312 nou
349 1254 406 1324 die,
421 1273 547 1333 unquam
561 1269 742 1316 cessaverant
755 1259 792 1315 ab
807 1275 902 1333 opere,
915 1266 956 1314 ut
969 1273 1079 1314 novum

170 1351 282 1390 murum
296 1333 333 1390 ab
345 1351 379 1391 ea
393 1345 482 1410 parte,
497 1335 553 1411 quir
566 1334 742 1411 patefactum
756 1334 892 1411 oppidum
906 1335 994 1392 ruinis
1007 1346 1079 1402 crat,

169 1409 328 1470 reficerent.
376 1411 449 1470 lude
478 1413 653 1490 oppugnatio
687 1431 737 1471 eos
769 1412 913 1488 aliquanto
946 1412 1079 1480 atrocior,

170 1506 257 1566 quam
269 1498 347 1557 aute,
361 1489 461 1548 adorta
475 1500 537 1549 est:
551 1510 615 1560 nec,
630 1491 687 1569 quit
700 1489 822 1566 primum
836 1499 887 1547 aut
899 1490 1078 1568 potissimum

151 1577 252 1644 'parte
284 1565 391 1626 ferrent
424 1587 518 1646 opem,
554 1588 642 1648 quum
675 1567 772 1626 omnia
797 1567 880 1624 variis
906 1567 1079 1625 clamoribus

171 1657 339 1720 streperent,
367 1646 435 1704 satis
462 1647 534 1708 scire
560 1658 703 1726 poterant.
742 1646 810 1726 Ipse
838 1644 994 1714 Hannibal,
1022 1647 1080 1722 qua

154 1722 255 1794 ,turris
275 1723 397 1794 mobilis,
418 1726 516 1784 omnia
535 1725 712 1784 munimenta
732 1723 810 1778 urbis
831 1741 968 1798 superans
983 1723 1079 1782 altitu·

443 1803 463 1858 h
516 1811 578 1880 *stpr
592 1801 700 1876 ederat.
727 1815 801 1874 quae
828 1818 925 1876 quum,
953 1800 1078 1870 admota,

445 1813 571 1954 ξέᾷρέῒ
590 1855 687 1934 bibula
700 1876 830 1934 tabulata
850 1877 1003 1955 dispositis,
1017 1898 1079 1936 mtr·

5 2013 7 2030 ³
62 1989 66 1995 -
165 1973 216 2012 ros
240 1953 437 2014 defensoribus
456 1953 612 2022 nudasset3
632 1964 694 2014 tum
716 1939 842 2168 qudpp
897 1953 932 2023 δὴ
983 1955 1079 2016 ionem

65 2039 96 2110 j*
169 2044 257 2100 ratus,
278 2030 449 2108 quingentos
471 2031 561 2092 ferme
581 2033 669 2092 Afros
689 2034 765 2092 curn
834 1955 937 2170 &a
978 2033 1079 2100 lubru·

831 2122 843 2170 l
922 2113 976 2171 cile
1037 2131 1076 2170 us·

170 2185 248 2266 quod
262 2172 412 2248 caemeirta
432 2208 489 2246 non
510 2189 589 2248 calce
608 2189 712 2248 durata
725 2200 815 2258 erant,
836 2209 866 2250 se
900 2133 1079 2250 interlilapluf

170 2278 211 2334 to,
239 2275 398 2324 structurae
425 2267 559 2344 antiquae
585 2285 699 2343 genere.
747 2267 849 2345 Itaque
871 2269 966 2339 latius,
995 2287 1079 2346 quarn

171 2343 349 2411 caederetur,
373 2345 492 2401 ruebatr
518 2364 627 2422 perque
646 2345 776 2424 patentia
795 2346 882 2404 ruinis
903 2347 1017 2422 agmina
1036 2365 1080 2404 ar·

171 2432 314 2480 matorum
336 2422 366 2482 in
389 2422 490 2480 urbem
511 2423 664 2482 vadabant-
678 2423 816 2484 &Locum
840 2445 953 2502 quoque
971 2425 1079 2483 editum

168 2499 308 2636 caqiunt3
334 2499 503 2578 collatisque
526 2521 562 2560 cc
586 2502 739 2580 catapultis
762 2501 939 2578 balistisque,
963 2515 995 2559 ut
1018 2521 1079 2560 cas-

51 2607 55 2614 r
95 2595 97 2598 ·
172 2578 272 2636 telum
286 2579 315 2637 in
329 2578 390 2657 ipsa
409 2579 481 2640 urba
501 2579 579 2639 velut
599 2599 694 2640 arcem
715 2579 910 2640 imminentem
931 2580 1079 2648 haberent,

173 2673 255 2712 muro
280 2657 465 2718 circundant:
492 2671 522 2718 et
551 2647 701 2736 Saguntini
725 2678 838 2718 murum
859 2658 1020 2717 interiorem
1042 2659 1079 2716 ab

168 2731 302 2790 nondum
316 2747 401 2809 capta
415 2736 492 2794 urbis
513 2748 594 2814 parte
613 2738 732 2796 ducunt.
774 2735 915 2810 Utrinque
928 2737 1041 2792 summis
1053 2736 1079 2790 vi

171 2822 203 2870 el
216 2807 348 2868 muniunt
362 2821 392 2867 et
404 2824 550 2886 pugnant:
572 2814 632 2876 sed,
652 2812 787 2868 interiora
806 2811 924 2876 tuendo,
943 2810 1080 2868 minorem

173 2889 202 2944 in
222 2885 282 2944 dies
303 2887 403 2944 urbem
425 2887 574 2960 Saguntini
594 2886 712 2944 faciunt.
753 2885 844 2943 Simul
864 2887 967 2944 crescit
986 2887 1080 2964 inopia

174 2964 302 3022 omnium
316 2963 402 3037 longai
420 2961 577 3030 obsidione,
592 2975 621 3022 et
635 2962 772 3023 minuitur
791 2965 968 3039 exspectatio
989 2975 1079 3024 exter-

174 3061 229 3102 nae
244 3042 323 3118 opis;
343 3057 431 3128 quum
451 3052 510 3098 tam
530 3040 630 3119 procul
651 3039 785 3110 Romani,
806 3042 890 3102 unica
911 3059 988 3119 spes,
1007 3042 1080 3102 circa

171 3118 270 3180 ararnio
284 3118 408 3176 bostrum
422 3130 527 3176 essent.
567 3117 717 3197 Paulisper
730 3131 827 3180 tamen
840 3120 959 3178 affectos
972 3121 1079 3183 animos

173 3195 312 3256 recreavit
337 3195 486 3272 repentina
512 3196 651 3275 profectio
680 3198 853 3260 Hannibalis
882 3198 912 3256 in
939 3198 1078 3260 Oretanos

176 3275 420 3351 Carpetanosquc.
453 3274 500 3353 qui
533 3276 591 3336 duo
622 3276 731 3369 populi,
767 3277 898 3340 detectos
924 3280 1078 3338 acerbitate

174 3350 358 3420 consternati,
383 3353 501 3412 retentis
524 3356 764 3434 conquisitoribus
785 3368 893 3414 metum
914 3354 1079 3417 defectionis

167 3448 261 3504 ,quum
275 3429 481 3509 praebuissent,
496 3436 624 3522 oppressi
643 3434 790 3496 celeritate
811 3435 991 3506 Hannibalis,
1012 3431 1078 3496 ontis

172 3521 270 3568 serunt
285 3519 363 3574 mota
376 3527 466 3576 anna.
