2386 3930
448 231 614 304 LIBER
631 241 725 302 XXV.
981 244 1037 303 253

129 410 170 456 ses
212 397 250 456 Se
264 398 378 479 quidem
393 399 508 459 tudam
527 417 634 460 annum
648 399 857 460 circumsedere
872 397 1036 474 Syracusas,

129 493 188 532 non
202 487 234 533 ut
253 479 376 555 papulus
397 479 544 537 Romanus
558 498 668 538 servam
681 481 827 538 civitatem
842 477 972 544 baberet,
987 475 1038 534 sad

130 571 168 610 ae
187 556 395 632 transfugarum
410 557 500 616 duces
523 569 638 634 captam
661 570 690 616 ct
713 573 877 636 oppressam
899 565 1038 614 tenerent.

130 631 208 695 Quid
228 635 373 709 potuerint
389 635 559 713 Syracusani
576 631 684 702 urucae,
697 636 831 712 exemplu
845 632 890 692 vel
911 651 961 691 eos
987 632 1039 708 Sy-

128 727 331 768 racusanorum
355 731 427 782 esse,
442 713 490 791 qui
512 714 586 770 intra
608 713 748 790 praesidia
769 713 902 769 Romana
924 709 1038 778 fuerint,

129 788 176 845 vel
191 788 353 868 Hispanum
375 790 477 849 ducem
500 790 651 860 Mericurn,
665 791 713 868 qui
732 791 902 867 praesidium
916 791 1041 849 tradide-

129 864 176 933 rit,
190 865 235 922 vel
253 867 378 944 ipsorum
395 869 637 948 Syracusanorum
652 879 795 946 postremo
809 885 902 925 rerum
917 869 1041 944 quidem,

130 944 182 1001 aed
205 943 288 1014 forte,
311 945 469 1005 consilium
509 947 647 1004 Omnium
671 947 724 1004 sibi
748 945 879 1004 laborum
903 947 1041 1022 periculo-

129 1039 260 1099 rumque,
285 1024 361 1082 cirea
385 1025 498 1084 maenia
528 1025 707 1102 Syracusana
729 1025 805 1082 terra
828 1021 956 1099 marique
983 1036 1042 1080 tam

131 1098 186 1171 diu¹
214 1101 427 1171 exhaustorum,
455 1121 635 1180 nequaquam
669 1114 780 1161 tantum
810 1101 936 1159 fructum
970 1119 1041 1170 esse,

78 1186 80 1190 ’
129 1195 218 1254 quam
239 1195 342 1258 capere
365 1181 521 1259 Syracusas
544 1181 679 1258 potuisse.
727 1181 799 1238 Inde
820 1189 954 1256 quaestor
977 1195 1043 1238 cum

131 1255 273 1332 praesidio
296 1259 334 1314 ad
353 1258 475 1326 Nasum,
490 1259 527 1317 ad
548 1260 742 1336 accipiendam
764 1258 914 1336 pecuniam
935 1257 1043 1334 regiam

130 1333 415 1414 eumediendamqua,
427 1338 546 1396 missus:
561 1339 631 1396 urbs
638 1337 798 1414 diripienda
811 1336 894 1392 militi
908 1335 975 1393 data
990 1347 1042 1405 eat,

132 1411 300 1472 custodibus
315 1413 409 1474 divisis
431 1433 482 1492 per
503 1417 604 1472 domes
625 1433 734 1484 eorum,
748 1415 795 1489 qui
809 1415 883 1470 intra
903 1414 1044 1488 praesidia

133 1488 266 1548 Romana
288 1492 411 1548 fuerant.
466 1493 563 1553 Quum
587 1490 678 1546 multa
697 1493 765 1555 irae,
788 1490 879 1544 multa
900 1492 1045 1560 avaritiae,

86 1561 92 1568 ’
126 1565 217 1624 ‘faeda
239 1568 373 1644 exernpla
392 1567 554 1635 ederentur,
576 1565 781 1634 Archimeden,
802 1565 957 1622 memoriae
980 1585 1045 1642 pro·

132 1642 224 1699 ditum
239 1654 292 1710 est,
306 1643 336 1699 in
350 1653 431 1702 tanto
450 1644 583 1713 tumultu,
599 1653 737 1720 quantum
761 1653 848 1720 capta
863 1643 931 1698 urbs
945 1643 973 1698 in
988 1645 1045 1702 dis·

132 1736 218 1776 eursu
239 1719 433 1798 diripientium
453 1721 575 1779 militam
598 1722 673 1779 ciere
696 1731 818 1798 poterat,
833 1721 975 1776 inbenmm
989 1721 1045 1778 l'or·

132 1798 195 1867 mis,
210 1817 280 1876 quas
304 1799 332 1856 in
358 1801 473 1878 pulvere
487 1800 684 1878 descripserat,
699 1801 736 1856 ab
757 1797 972 1875 ignaromilite,
984 1800 1045 1874 qais

133 1891 219 1943 esset,
243 1877 435 1935 interfectum.
459 1897 544 1954 aegre
571 1880 599 1936 id
625 1877 797 1935 Marcellum
820 1876 929 1945 tulisse,
952 1877 1046 1954 sepul·

132 1957 271 2029 tusaeque
290 1971 388 2012 euram
409 1956 556 2013 babit-am:
586 1965 615 2014 et
636 1955 800 2032 propinquis
821 1954 907 2013 etiam
929 1955 1045 2031 inquisi-

134 2029 172 2086 tis
186 2031 286 2088 honeri
308 2033 505 2110 praesidioque
524 2053 631 2091 nomen
645 2051 680 2090 uc
694 2033 858 2090 memoriam
874 2035 936 2110 ejus
949 2033 1045 2092 fuisse.

134 2107 204 2164 Hoc
217 2111 340 2168 maxime
361 2111 447 2168 modo
472 2111 632 2188 Syracusae
645 2122 766 2186 captae:
795 2110 940 2186 inquibus
965 2131 1046 2188 prae·

134 2184 190 2244 dae
213 2197 326 2245 tantum
347 2188 410 2259 fuit,
435 2201 572 2266 quantum
596 2189 643 2244 vix
670 2189 755 2264 captui
782 2187 961 2263 Karthagine
984 2204 1046 2248 tum

133 2263 242 2338 fuisset,
258 2284 324 2323 cum
339 2286 395 2344 qua
409 2266 514 2324 viribus
530 2267 628 2344 aequis
642 2264 815 2324 certabatur.
855 2265 959 2324 Paucis
979 2281 1046 2325 unte

132 2341 252 2412 diebus,=
268 2363 352 2420 quam
377 2345 537 2422 Syracusae
558 2356 737 2422 caperentur,
758 2344 794 2401 Τ.
815 2343 956 2401 Otacilius
979 2363 1046 2401 cum

135 2419 386 2498 quinqueremibus
400 2425 545 2500 octaginta
559 2424 676 2483 Uticam
699 2424 738 2479 ab
762 2421 902 2497 Lilybaeo
916 2423 1046 2478 transmi-

134 2497 188 2554 sit:
218 2509 257 2566 et,
282 2517 369 2576 quum
394 2513 460 2558 ante
481 2502 575 2561 lucem
600 2512 713 2579 portum
737 2500 880 2566 intrasset,
905 2499 1047 2556 onerarias

133 2574 278 2634 frumento
302 2591 422 2634 onustas
438 2580 539 2654 ¹ecpit3
567 2595 754 2655 egressasque
778 2579 806 2632 in
831 2589 934 2634 terram
959 2575 1047 2653 depo-

134 2653 251 2728 pulatus
271 2665 316 2712 est
339 2655 517 2734 aliquantum
540 2658 605 2732 agri
624 2658 701 2714 circa
716 2654 840 2723 Uticam,
854 2651 1046 2733 praedamque

134 2732 229 2788 omnis
248 2733 363 2810 generis
386 2746 464 2792 retro
487 2733 523 2792 ad
547 2749 634 2791 naves
651 2732 723 2809 egit·
766 2731 936 2809 Lilybaeum
959 2736 1045 2793 tertia

134 2808 190 2876 tlte,
205 2827 291 2887 quam
314 2811 384 2870 inde
403 2813 550 2890 profectus
570 2825 642 2880 erar,
657 2829 723 2868 cum
746 2823 863 2868 ceritum
886 2811 1002 2888 triginta
1016 2835 1045 2872 o·

134 2889 259 2946 aerariis*
275 2889 405 2960 navibus,
432 2891 577 2950 frumento
603 2889 768 2971 praedaque
794 2889 913 2960 onustis,
940 2893 1045 2950 rediit:

134 2964 221 3041 idque
247 2968 422 3026 inruentum
450 2969 595 3047 extempio
625 2970 780 3048 Syracusas
807 2967 894 3026 misit.
919 2970 1045 3045 quodni

133 3052 196 3098 tam
214 3043 389 3121 intempore
409 3049 596 3117 subvenisset,
616 3048 771 3105 victoribus
784 3045 923 3122 victisque
941 3046 1047 3120 pariter

134 3119 293 3194 pemiciosa
306 3123 397 3180 dames
410 3123 544 3181 instabas.

175 3196 301 3257 XXXII.
342 3200 461 3258 Eanum
477 3211 587 3260 aestate
605 3201 636 3258 in
657 3201 807 3280 Hispania,
824 3216 911 3278 quum
931 3202 1045 3262 biennio

133 3274 225 3333 ferme
243 3277 313 3334 nihil
334 3279 489 3337 admodum
513 3281 698 3340 mensurabile
716 3282 823 3342 laetum
845 3293 930 3350 esset,
954 3284 1046 3340 consi-

137 3352 238 3430 liisque
265 3357 365 3431 magis,
393 3375 458 3436 qam
486 3358 580 3427 armis,
606 3359 715 3416 bellurn
740 3367 896 3436 gereretur,
924 3359 1047 3422 Romani

135 3433 331 3510 imperatores,
356 3435 463 3512 egressi
490 3435 624 3504 bibernis,
649 3437 747 3516 copisa
770 3435 987 3510 cmrjunxamnt.
1008 3441 1047 3501 ibi

64 3555 68 3568 ,
138 3511 287 3571 canalium
301 3511 484 3585 aduocatam}
492 3515 680 3592 omniumque
699 3516 728 3576 in·
747 3528 837 3571 anam
850 3531 1045 3592 corrgruerunt
